3704 5484
495 1318 538 1389 In
579 1318 647 1390 fine
674 1317 780 1389 huius
815 1315 1127 1401 commentationis,
1158 1341 1247 1412 quae
1275 1315 1404 1389 maiore
1432 1340 1495 1413 pro
1523 1323 1619 1411 perte

441 1434 477 1506 in
518 1433 621 1506 rebus
661 1433 846 1529 exegeticis
882 1441 1013 1505 versata
1053 1441 1117 1517 est,
1160 1457 1229 1504 non
1271 1458 1412 1529 possum
1454 1431 1541 1527 quin
1568 1430 1621 1503 illi

440 1574 581 1646 quoque
621 1549 687 1621 arti
727 1550 844 1621 locum
884 1548 1072 1621 concedam
1113 1548 1187 1620 sine
1230 1573 1300 1644 que
1327 1572 1430 1619 omne
1458 1556 1617 1619 veterum

441 1666 649 1761 scriptorum
675 1664 833 1737 studium
860 1690 969 1736 vanus
996 1664 1184 1760 irritasque
1210 1664 1309 1736 labor
1334 1671 1497 1760 appareat
1504 1697 1512 1748 ς
1542 1664 1620 1735 volo

442 1789 551 1853 artem
578 1780 733 1853 criticam
761 1781 797 1853 in
825 1781 995 1853 traditum
1022 1789 1156 1852 textum
1186 1779 1390 1852 adhibitam.

496 1896 712 1982 Dindorfius,
742 1896 969 1969 Wecklenius
996 1896 1055 1968 alii
1084 1922 1155 1968 una
1182 1895 1287 1967 litura
1315 1895 1475 1968 delerunt
1503 1896 1620 1968 absur-

442 2012 503 2085 das
542 2013 824 2109 interpolationes
850 2038 913 2085 vss.
946 2014 1154 2085 aaa-247
1185 2019 1220 2083 et
1249 2014 1469 2085 tao-297.
1529 2015 1618 2084 Acta

442 2136 560 2200 autem
601 2154 702 2225 agere
744 2155 787 2200 ne
829 2128 957 2213 videar,
1001 2154 1071 2199 non
1114 2136 1268 2225 repetam
1296 2127 1389 2199 varia
1416 2136 1621 2222 argumenta

443 2244 572 2340 quibus
612 2244 656 2316 ed
695 2244 785 2316 hanc
819 2251 964 2327 ἀθέτησιν
992 2252 1174 2328 venerunt,
1212 2243 1341 2316 addere
1369 2243 1474 2315 modo
1502 2243 1618 2328 velim,

442 2360 592 2433 insanire
620 2359 729 2432 videri
756 2360 923 2432 Tiresiam
951 2360 1112 2455 mythum
1140 2360 1183 2431 de
1211 2359 1348 2431 Baccho
1379 2359 1470 2430 lovis
1497 2359 1621 2431 femori

443 2476 576 2548 incluso
618 2476 666 2548 ite
707 2476 949 2573 explicantem,
997 2476 1084 2548 dum
1116 2484 1173 2558 ταὶς
1197 2484 1337 2563 πατρίους
1361 2483 1544 2562 παραδοχάς
1572 2475 1621 2548 sic

443 2602 571 2664 temere
599 2592 656 2689 pia
677 2604 791 2665 mente
811 2593 964 2689 accipere
979 2601 1015 2664 et
1028 2617 1161 2664 servare
1176 2591 1407 2664 commendat.
1440 2591 1621 2663 Debentur

443 2709 480 2780 ni
507 2709 607 2780 fallor
621 2708 656 2780 hi
672 2734 788 2781 versus
807 2708 921 2781 eidem
936 2708 1186 2805 interpolatori,
1204 2708 1266 2804 qui
1279 2708 1315 2779 in
1335 2708 1403 2779 fine
1424 2707 1621 2802 tragoediae

443 2824 615 2896 insulsum
643 2824 732 2897 illud
761 2824 888 2897 Bacchi
917 2824 1097 2897 oraculmn
1115 2825 1153 2896 in
1172 2824 1345 2896 Cadmum
1365 2822 1518 2909 addidit;
1540 2849 1621 2895 nam

443 2940 528 3012 tales
568 2940 716 3037 ineptias
757 2940 918 3037 Euripidi
959 2941 1132 3038 imputare
1171 2965 1306 3036 nequeo
1341 2939 1502 3036 noloque.
1561 2939 1643 3011 Nil¹

443 3056 525 3128 fecit
553 3056 706 3130 Cadmus
734 3056 864 3129 dixitne
892 3082 963 3152 quo
992 3057 1168 3128 Bacchum
1195 3056 1362 3129 laederet:
1394 3081 1475 3127 eum
1503 3057 1621 3151 Agave

445 3172 588 3268 eiusque
638 3199 770 3245 sorores
818 3172 1035 3245 divinitatem
1087 3173 1233 3268 Dionysi
1280 3181 1468 3266 negarent,
1517 3196 1622 3243 senex

445 3313 534 3360 novo
572 3288 637 3360 dee
671 3289 833 3361 addictus
860 3289 996 3361 fortiter
1024 3289 1099 3361 eius
1126 3314 1199 3360 rem
1227 3288 1394 3384 suscepit;
1425 3287 1619 3360 Pentheum

443 3404 665 3477 incredulum
714 3404 856 3477 meliora
902 3404 1026 3477 docere
1072 3413 1215 3477 conatus
1256 3412 1323 3489 est;
1375 3412 1414 3476 ut
1456 3403 1620 3500 pietatem

378 3576 380 3581 ⁴
444 3546 542 3592 suam
569 3528 754 3593 testaretur
781 3546 824 3592 ne
852 3528 967 3594 motus
995 3521 1139 3618 quidem
1166 3521 1348 3593 indecoros
1370 3547 1390 3592 a
1409 3520 1621 3618 provectiore

444 3646 555 3709 aetate
601 3637 731 3709 alienos
777 3637 922 3734 sprevit;
973 3637 1250 3735 obstupescimus
1294 3637 1402 3732 igitur
1441 3636 1470 3707 si
1512 3635 1621 3708 nihilo

446 3754 557 3825 secius
583 3779 695 3850 poena
722 3754 883 3826 allicitur.

500 3871 547 3941 At
574 3870 785 3942 oblivisceris
824 3870 996 3942 Graecum
1033 3870 1127 3941 hunc
1155 3870 1273 3954 deum,
1304 3868 1518 3941 ludaeorum
1547 3866 1622 3939 Nu·

446 3985 531 4057 mini
559 4011 665 4082 quarn
693 3985 971 4058 Christianorum
995 3986 1208 4072 similiorem,
1224 3985 1404 4083 puniendo
1419 3984 1622 4082 praesertim

445 4101 637 4197 potentiam
677 4127 777 4174 suam
817 4102 1010 4196 significare
1052 4111 1086 4173 et
1120 4102 1164 4175 de
1192 4101 1325 4175 iustitia
1352 4125 1512 4173 securum
1542 4125 1622 4171 con·

445 4217 591 4289 fundere
619 4219 695 4314 pios
721 4217 917 4314 impiosque
945 4218 1138 4313 dummodo
1166 4218 1299 4290 miseris
1326 4216 1528 4289 horninibus
1556 4226 1620 4288 ter·

446 4357 558 4404 rorem
586 4333 745 4406 incutiat.

500 4450 601 4533 Esto;
638 4450 768 4522 soletue
796 4458 912 4520 autem
948 4448 1052 4520 talem
1087 4475 1236 4546 poenam
1264 4450 1421 4523 victimae
1456 4449 1621 4543 irrogare,

446 4589 534 4659 quam
575 4591 694 4637 omncs
723 4564 975 4662 probabilitatis
1003 4567 1088 4637 lines
1115 4591 1250 4661 egressa
1277 4592 1351 4638 rem
1378 4566 1423 4638 ad
1452 4565 1622 4637 insaniam
