3704 5484
1041 488 1090 558 99

474 699 546 772 veri
573 698 843 772 dissimillimum
872 697 959 768 mihi
985 697 1123 771 videtur
1148 698 1310 770 mulieres
1335 697 1422 783 illae,
1450 723 1538 794 quae
1568 698 1656 771 Pen-

473 815 595 888 theum
623 816 783 888 manibus
811 813 1011 886 dilaniarint
1033 814 1218 911 flagrisque
1241 814 1441 899 ceciderint,
1465 815 1501 886 in
1524 823 1657 909 tragoe-

473 932 551 1004 diae
574 930 678 1004 titulo
702 931 806 1003 luisse
829 939 966 1002 vocatas
989 931 1306 1014 „carminatrices”
1338 930 1493 1002 Obviurn
1513 931 1656 1026 quidem

472 1049 512 1119 fit
539 1048 684 1119 verbum
711 1055 818 1133 ξννίνενν
846 1070 948 1117 sensu
975 1046 1181 1119 verberandi
1208 1056 1242 1119 et
1270 1045 1475 1131 dilaniandi,
1505 1055 1609 1143 puta:

527 1163 649 1236 Aesch.
675 1164 716 1235 fr.
744 1167 834 1235 305:
861 1170 929 1243 νέαις
953 1170 1097 1250 δ’ὁπώρκς
1122 1171 1192 1246 ἡνίκ’
1216 1170 1252 1235 ἄν
1276 1169 1377 1251 ξανθῇ
1401 1170 1533 1248 στάχυς.

527 1279 651 1351 Suidas
669 1287 794 1364 Salvere:
811 1288 845 1350 τὸ
861 1286 1002 1350 τύπτεινε
1020 1287 1182 1351 'Exclamas
1199 1287 1230 1350 δὲ
1247 1288 1280 1351 τὸ
1297 1294 1387 1365 σῶμα
1404 1286 1512 1363 ξαίνειν
1526 1287 1655 1364 μάστιξι

474 1404 553 1469 πάνυ
577 1412 717 1478 actuale.

527 1511 619 1584 Plut.
651 1510 748 1607 Popl.
781 1515 820 1587 li:
857 1520 895 1583 Οἱ
917 1517 1034 1592 arctoa
1058 1519 1266 1596 συλλαβόντες
1289 1518 1357 1593 τοὺς
1383 1520 1547 1592 νεανίσκους
1574 1543 1653 1599 περι-

473 1637 621 1715 ερρήγνυον
645 1635 687 1699 τὲ
710 1635 821 1713 ἱμάτια
844 1634 895 1699 aa}
918 1634 1038 1714 ῥάβδοις
1063 1634 1174 1712 ἔξαινον
1198 1635 1241 1699 τὰ
1263 1636 1406 1713 adparat.

527 1744 579 1815 Cf.
610 1743 714 1815 etiam
742 1743 850 1815 Clcm.
874 1742 973 1814 Alex.
999 1742 1104 1814 Paed.
1132 1743 1149 1814 1
1174 1747 1208 1814 6.
1232 1768 1266 1840 p.
1294 1746 1381 1828 122,
1418 1742 1538 1839 Antip.
1579 1744 1651 1816 sid.

473 1859 544 1930 VII
657 1919 663 1931 .

526 1863 715 2072 Sedssripud
743 2001 801 2048 eos
828 1975 1012 2071 scriptores
1038 1974 1111 2071 ipse
1139 2000 1250 2047 nexus
1278 1975 1440 2060 ostendit,
1472 1975 1649 2071 quomodo

472 2091 618 2163 verbum
645 2091 734 2163 illud
762 2092 806 2162 sit
834 2091 1089 2188 accipiendum.

527 2207 608 2296 Qua
648 2207 691 2280 de
733 2233 836 2279 eausa
870 2207 1021 2302 ingenue
1050 2207 1160 2279 fatcor
1187 2216 1348 2279 neutram
1376 2206 1514 2278 fabulae
1546 2208 1653 2304 expli·

472 2323 643 2395 cationern
671 2323 752 2395 satis
780 2323 867 2395 mihi
894 2322 1049 2420 placerc;
1088 2322 1183 2418 quod
1210 2323 1284 2420 ipsc
1312 2331 1429 2394 autem
1458 2349 1651 2421 proponam

473 2439 508 2510 in
537 2464 573 2510 re
600 2448 671 2511 tani
700 2439 808 2512 dubia
837 2465 891 2510 me
922 2465 990 2510 non
1019 2438 1156 2510 habere.
1179 2435 1203 2527 ¹)

527 2555 633 2644 Quod
661 2555 705 2627 ad
734 2556 859 2626 Furiae
887 2579 1081 2651 personam,
1110 2580 1199 2650 quae
1227 2554 1423 2626 firmissimo
1456 2555 1651 2650 fragmento

473 2674 562 2760 (105
607 2671 730 2759 Dind.)
771 2671 1034 2768 propugnaculo
1076 2695 1137 2742 usa
1164 2670 1240 2741 loco
1268 2696 1303 2741 se
1331 2696 1504 2742 cessuram
1532 2681 1647 2766 negat,

472 2812 582 2884 aeque
623 2788 740 2859 locum
781 2788 937 2859 obtinere
965 2785 1081 2883 potuit
1107 2786 1144 2857 in
1174 2786 1397 2882 Minyeidurn
1415 2787 1557 2883 mytho,
1589 2787 1650 2859 ubi

474 2928 503 2975 e.
546 2928 579 2998 g.
623 2929 755 2975 sorores
794 2903 840 2976 ad
880 2912 1039 2975 tenerum
1067 2902 1257 2998 puerulum
1285 2902 1528 2974 dilaniandum
1565 2903 1648 2993 (vid.

473 3019 564 3107 Ael.)
604 3019 747 3091 incitare
789 3027 934 3116 poterat,
977 3044 1016 3090 ac
1058 3018 1094 3090 in
1136 3019 1283 3090 Penthei
1319 3019 1448 3103 l'ahulza
1479 3028 1529 3091 est
1557 3020 1651 3091 enim

404 3195 406 3198 ,
473 3135 645 3232 Aeschyli,
687 3136 831 3207 affectus
871 3135 1000 3230 quibus
1028 3143 1160 3206 mentes
1200 3135 1373 3206 humanae
1400 3136 1651 3232 perturbantur

472 3252 510 3324 in
537 3251 611 3348 ipsa
637 3277 739 3324 scona
766 3251 958 3324 ostendere.
976 3246 1004 3333 2)

527 3368 567 3439 ln
610 3368 757 3440 Penthei
793 3394 872 3439 vero
909 3366 1087 3439 historiam
1121 3366 1205 3462 quiu
1242 3366 1384 3437 Furiam
1417 3366 1650 3440 introduxerit

512 3586 532 3657 ¹)
551 3589 697 3657 Pritzsche,
716 3594 747 3641 ut
763 3589 829 3641 olim
849 3587 965 3653 Boeolrh,
983 3586 1053 3640 hanc
1073 3585 1192 3640 fabulam
1211 3587 1357 3657 satyricam
1371 3585 1452 3640 fuisse
1466 3592 1493 3640 et
1506 3605 1538 3649 ex
1551 3586 1585 3642 fr.
1599 3587 1650 3642 169

472 3668 579 3739 (Dind.)
606 3675 633 3723 et
660 3687 691 3722 ex
720 3668 753 3721 fr.
782 3670 834 3722 170
852 3669 942 3722 afficit.
962 3668 1075 3721 Frustra
1096 3673 1185 3721 autem
1205 3685 1268 3737 rogo
1287 3667 1385 3738 quibus
1402 3667 1512 3721 indiciis
1529 3668 1563 3722 ad
1581 3668 1650 3722 hanc

472 3750 633 3803 sententiam
652 3750 835 3819 pervenerint.

511 3826 531 3896 ²)
551 3828 702 3882 Secundum
722 3829 848 3882 Nonnum
868 3828 1024 3898 Dionysiae.
1044 3828 1074 3882 L.
1094 3826 1149 3880 XX
1168 3827 1218 3880 149
1231 3844 1289 3897 sqq.
1312 3828 1340 3880 in
1353 3828 1508 3881 narratione
1521 3829 1650 3899 Lycurgi,

472 3926 540 3961 uxor
558 3910 633 3963 Iovis
650 3910 710 3963 odio
728 3911 757 3962 in
776 3909 911 3962 Bacchum
931 3908 1099 3962 inflammata
1111 3907 1212 3960 iridem
1221 3908 1254 3960 od
1266 3908 1421 3978 Lycurgum
1431 3909 1549 3962 Arabiae
1560 3926 1648 3977 regom

472 3990 569 4056 mittit,
586 4007 654 4061 quae
672 3991 696 4043 ei
715 3997 853 4054 βουπλῆγα
872 3992 1006 4053 asamar
1027 3987 1127 4055 tradat,
1154 3994 1180 4040 et
1198 3989 1228 4040 in
1246 4005 1346 4040 novum
1367 3988 1445 4041 deum
1467 4007 1526 4041 oum
1544 3990 1649 4043 incitet.

472 4069 559 4122 Simul
578 4070 630 4123 Iris
644 4070 747 4123 Baccho
767 4070 908 4140 persuadet
928 4076 957 4122 ut
976 4069 1088 4122 inermis
1108 4069 1242 4137 regionem
1262 4068 1390 4121 hostilem
1408 4069 1587 4139 ingrediatur.
1615 4070 1648 4123 In

472 4167 563 4220 pugna
580 4152 702 4222 sequenti
722 4150 796 4204 Mars
814 4155 840 4203 et
859 4150 928 4203 Iuno
947 4166 962 4202 a
982 4149 1100 4218 Lycurgi
1123 4148 1246 4217 partibus
1264 4155 1345 4214 stant,
1364 4150 1410 4220 qui
1430 4167 1476 4203 rex
1494 4167 1510 4203 a
1529 4150 1650 4221 nympha

473 4231 615 4284 Ambrosia
641 4231 746 4300 ingenti
776 4230 866 4300 lapido
885 4230 995 4300 petitur.
1028 4229 1121 4298 Imago
1139 4227 1274 4299 descripta
1292 4228 1444 4283 Bullcttino
1463 4231 1533 4284 lato
1551 4247 1578 4301 p.
1598 4231 1649 4283 104

472 4311 555 4379 vulgo
583 4311 696 4364 Penthei
724 4310 831 4364 fabulae
858 4310 975 4376 addicta,
1004 4307 1177 4362 Nonnianam
1204 4326 1309 4363 scenam
1328 4310 1395 4363 nrihi
1415 4309 1513 4364 reform
1532 4310 1649 4365 videtur.

472 4389 528 4459 (nel
554 4408 641 4444 mezzo
668 4409 704 4443 un
732 4408 808 4444 nomo
835 4391 932 4444 carluto
959 4389 1002 4441 sul
1030 4389 1181 4458 ginocchio.
1213 4389 1337 4442 Alzando
1356 4391 1382 4443 lo
1401 4390 1517 4460 aguardo
1535 4408 1603 4462 pona
1621 4391 1648 4445 la

471 4472 583 4524 sinistra
607 4472 636 4524 in
661 4471 723 4524 sull’
741 4471 863 4541 occipito.
882 4472 907 4524 A
926 4470 1016 4523 deatra
1035 4469 1063 4521 vi
1082 4468 1096 4522 ὸ
1114 4486 1168 4522 una
1186 4469 1274 4522 donna
1294 4472 1392 4526 vestita
1410 4471 1459 4524 che
1478 4472 1504 4524 al
1523 4471 1550 4524 di
1570 4487 1649 4541 sopra

471 4551 514 4604 del
532 4569 597 4623 capo
614 4553 674 4605 alzo
691 4570 740 4605 con
757 4551 887 4606 ambodue
905 4551 930 4604 la
950 4549 1022 4603 mani
1042 4567 1079 4602 un
1097 4567 1165 4620 gran
1184 4548 1276 4619 sasso)
