3398 5438
816 621 877 709 'aa

264 846 415 922 literaria
442 850 494 922 rel
523 851 571 922 sic
599 851 679 922 satis
707 851 796 922 male
824 850 942 923 hahita
970 852 1055 923 haee
1082 860 1173 923 certe
1193 834 1328 925 inacula
1348 856 1440 927 dete·

264 966 397 1037 stabilis
430 967 573 1038 minirne
601 977 813 1064 aspergetur,
844 994 913 1063 (pra
941 967 1116 1039 ridebitur
1143 971 1281 1063 tyranni
1306 972 1440 1043 cerrsilii

266 1082 368 1153 fuisse
409 1084 582 1168 censeius3
627 1084 721 1179 qued
764 1109 843 1155 vern
885 1109 942 1155 rex
973 1084 1159 1180 pueruluur
1189 1085 1372 1170 interfecit,
1404 1088 1439 1158 id

265 1197 373 1270 nihile
409 1200 517 1293 magis
544 1226 649 1295 quma
677 1199 817 1272 eaedem
846 1199 986 1272 Alectae
1015 1201 1158 1295 eiusque
1187 1201 1250 1271 filii
1280 1203 1439 1299 Euripidi

264 1314 511 1410 imputamhuu
553 1341 684 1387 censen.
730 1317 776 1388 At
817 1316 867 1387 rei
908 1316 1003 1388 testis
1036 1317 1133 1388 adest
1169 1342 1238 1387 nen
1273 1317 1440 1390 obscurus

264 1430 472 1502 scholiorum
502 1430 615 1503 nescia
644 1433 721 1526 quis
749 1431 895 1527 scriptor
921 1432 982 1503 sed
1010 1432 1082 1528 ipse
1111 1431 1227 1504 Plato!
1259 1434 1330 1518 Est3
1352 1435 1437 1530 qnid

263 1552 380 1618 tamen
408 1547 521 1619 obstat
548 1548 736 1643 queminus
763 1547 1008 1644 philosophum
1037 1572 1116 1619 cum
1136 1548 1215 1643 plus
1235 1575 1338 1644 qruun
1360 1559 1438 1622 mete

263 1663 361 1734 annis
403 1674 479 1759 pest
519 1663 696 1758 dialegrun
740 1664 906 1757 Gorgiam
941 1663 1105 1736 scriberet
1132 1664 1215 1754 (vid.
1246 1665 1437 1737 Stallhaum

263 1780 368 1874 prael.
405 1779 449 1850 ad
479 1780 585 1874 Gorg.
622 1805 655 1876 p.
697 1784 760 1867 25)
793 1778 954 1850 tabellam
983 1779 1157 1874 vulgatam
1188 1781 1278 1851 buna
1304 1782 1373 1853 fide
1402 1782 1436 1853 in

263 1920 350 1991 epus
395 1896 576 1967 inseruisse
622 1897 823 1967 sumamus?
876 1896 1065 1967 Conferant
1106 1895 1210 1966 made
1252 1897 1313 1991 qui
1356 1897 1438 1969 haec

264 2036 384 2107 parum
415 2011 610 2083 verisimilia
638 2011 773 2083 ducunt
801 2035 880 2082 eum
911 2011 1104 2082 narratione
1133 2011 1190 2082 illa
1219 2011 1262 2082 de
1291 2013 1368 2084 navi
1389 2014 1437 2084 in·

262 2128 396 2211 lernali,
419 2153 488 2223 qna
525 2128 617 2199 Nera
651 2127 752 2198 matri
780 2127 921 2197 insidias
950 2152 1082 2223 parasse
1111 2127 1256 2211 dieitur;
1288 2129 1438 2199 maxima

261 2243 354 2314 enim
383 2269 463 2315 cum
482 2244 594 2340 speeie
623 2243 668 2314 11.
692 2243 843 2313 llaebert
863 2242 1033 2337 (Serreque
1053 2252 1087 2313 et
1107 2242 1139 2313 la
1159 2253 1248 2313 murt
1275 2244 1438 2341 d’Agrip·

263 2360 360 2455 piue;
382 2359 449 2431 rid.
472 2361 625 2432 etiamr.
648 2359 690 2431 el.
714 2358 969 2429 Hartmnmnun
989 2358 1107 2429 Theel.
1129 2358 1295 2451 'l'ijdschr⁸
1325 2362 1436 2447 lusti)

261 2476 440 2547 coutendit
474 2475 710 2573 spectaculum
746 2474 920 2545 scenicum
958 2474 1045 2544 serio
1074 2501 1093 2545 a
1120 2474 1239 2546 'l'acite
1260 2474 1357 2546 'inter
1384 2501 1436 2546 res

262 2617 377 2664 revera
403 2600 515 2687 gestas
542 2600 719 2688 receptmu
748 2590 862 2662 luisse.
890 2585 913 2677 Ι)

314 2707 381 2779 Sed
396 2718 608 2779 revertamur
621 2707 666 2778 ad
681 2706 794 2778 aulam
812 2704 983 2787 Archelai,
1001 2705 1061 2776 uhi
1076 2731 1107 2776 v.
1124 2705 1158 2776 (1.
1179 2731 1241 2776 ran
1267 2705 1359 2777 Gent
1371 2706 1431 2795 (ll.

263 2850 294 2920 p.
316 2831 350 2894 9'·
367 2831 390 2911 ),
418 2823 620 2920 Euripidem
641 2831 773 2919 praeter
798 2821 1006 2892 Archelaum
1036 2821 1192 2892 ‹lucaissc
1220 2821 1433 2916 tragaediam

260 2950 394 3024 Τήμενον
422 2940 478 3030 (cf.
508 2939 657 3034 llesych.
688 2939 710 3009 i.
740 2963 771 3009 V.
802 2944 945 3023 ἄπυργσς.
971 2945 1129 3021 oleariam,
1147 2945 1432 3022 alstemum

260 3064 295 3126 et
335 3055 467 3127 Pellae.
505 3053 558 3126 lX
588 3081 616 3125 c.
649 3058 704 3142 l);
741 3050 934 3124 seeundum
970 3051 1055 3123 alies
1099 3051 1250 3125 Bacchas
1294 3078 1433 3148 (pieque

261 3170 309 3242 ihi
336 3196 456 3243 serenate
484 3170 665 3242 commisit.
703 3169 799 3245 Quin
834 3167 938 3238 etiam
967 3176 1047 3239 sunt
1076 3168 1137 3263 qui
1165 3177 1290 3265 putent
1318 3192 1432 3262 regem

152 3286 156 3293 ’
260 3287 468 3359 Archelaum
496 3286 681 3358 certamina
709 3285 843 3356 scenica
869 3283 913 3354 ad
942 3283 1140 3380 exemplum
1168 3283 1432 3355 Atheniensium

259 3429 362 3474 suum
390 3403 425 3473 in
454 3403 613 3498 reguumi
640 3400 868 3484 ntrednxisse‚
897 3426 926 3472 e.
948 3426 1002 3495 g.:

313 3518 570 3589 Herwerdenus
597 3518 618 3588 l.
649 3517 671 3588 l.
702 3543 735 3613 p.
768 3519 860 3588 301:
895 3516 946 3599 ‚,’t
968 3515 1028 3587 leit
1057 3515 1116 3587 dat
1135 3514 1221 3586 deor
1245 3514 1433 3586 Archelaus

259 3659 393 3727 agonen
422 3633 633 3728 (gynmisehe
662 3658 704 3703 cn
731 3631 917 3719 scenisehe)
937 3631 1005 3727 aijn'
1023 3630 1192 3725 ingesteld
1212 3638 1299 3701 staat
1318 3631 1429 3700 vast'.

314 3750 458 3820 Necnon
499 3749 643 3844 (pridem
684 3749 830 3820 eredunt
872 3745 1074 3843 Euripidem
1118 3772 1198 3817 cmn
1241 3745 1285 3816 ad
1327 3747 1430 3816 linem

258 3866 429 3962 scripsisse
458 3866 608 3936 Bacchas
636 3873 675 3937 ut
702 3865 743 3935 iis
770 3863 872 3934 hules
900 3861 977 3933 illes
1005 3862 1241 3957 inauguraret,
1272 3888 1300 3932 c.
1333 3888 1381 3932 e:

312 3982 444 4053 Sehdnc
487 3980 646 4052 'Bakehen
690 4006 721 4076 p.
764 3984 829 4051 20:
871 3977 940 4062 „da
977 4004 1049 4050 nun
1084 3979 1268 4075 Euripides
1296 3976 1367 4049 sich
1394 3978 1431 4048 in

259 4097 326 4168 den
354 4098 477 4169 letatcn
506 4098 588 4168 nvei
616 4096 669 4167 his
696 4095 770 4167 drci
797 4092 925 4165 Jahreu
954 4094 1065 4165 seincs
1092 4095 1227 4166 hebens
1255 4094 1290 4164 in
1313 4092 1431 4164 hlukc·

259 4213 386 4284 denien
416 4213 505 4284 heinr
536 4213 654 4307 Kduig
682 4211 870 4283 Archelaus
898 4209 1049 4281 anl'hielt
1081 4210 1151 4281 mul
1181 4209 1292 4280 dieser
1319 4218 1430 4281 nuerst

258 4329 431 4400 scenisehe
467 4329 579 4426 Spielc
608 4329 642 4399 in
672 4328 801 4398 seinem
832 4325 951 4396 Laude
980 4326 1165 4408 eiuflihrte,
1196 4350 1233 4393 se
1261 4325 1322 4394 hat
1350 4350 1429 4395 man

258 4516 469 4524 ——-—-—.

301 4612 319 4679 ¹)
351 4611 450 4664 Eodem
470 4611 544 4663 medo
563 4611 745 4664 narrationem
763 4608 794 4662 de
814 4607 974 4660 Messalinae
994 4612 1075 4660 morte
1096 4607 1178 4661 fuisse
1197 4610 1352 4661 exornatam
1372 4621 1430 4674 per·
1495 4585 1497 4589 ¹

258 4691 333 4777 hibet
352 4709 377 4747 v.
395 4690 429 4746 cl.
449 4691 571 4745 Naberns
590 4688 709 4744 Mnemos
729 4688 798 4742 1892
817 4704 843 4758 p.
862 4686 916 4740 410
934 4702 992 4758 sqq.
