3704 5484
1076 506 1123 574 92

511 714 689 812 Euripidis
715 723 827 788 aetate
856 716 1014 788 nondum
1043 717 1279 799 innotuerant,
1309 715 1436 787 evincit
1464 715 1562 787 ratio.
1614 715 1686 804 Qui

510 857 588 903 vero
632 858 768 904 mecum
811 832 876 905 hoc
916 841 1030 928 negat,
1073 833 1117 905 ah
1152 858 1192 903 eo
1227 841 1446 928 exspectatur
1480 841 1519 904 ut
1547 832 1687 904 Gimrdi

508 947 680 1020 iudicium
706 958 769 1021 aut
795 948 918 1045 probet
946 958 1008 1021 aut
1035 948 1221 1045 improbet.

562 1064 658 1154 Quid
687 1065 817 1160 igitur?
843 1065 983 1137 videsne
1011 1065 1246 1161 Orphicornm
1274 1065 1417 1159 vestigia
1445 1064 1480 1135 in
1511 1064 1688 1160 Euripidis

509 1179 719 1276 tragoediis?
732 1172 782 1253 ⁸in
810 1181 955 1253 Bacchis
982 1181 1182 1278 praesertim
1211 1207 1251 1252 ea
1278 1181 1468 1276 perspicis?

563 1296 732 1369 Permulti
768 1308 849 1369 sunt
883 1297 951 1370 loci
980 1296 1041 1369 ubi
1068 1297 1219 1393 tragicus
1246 1296 1435 1369 theocrasia
1463 1297 1586 1381 utitur,
1616 1323 1687 1393 quo

508 1413 597 1484 nihil
624 1412 841 1509 frequentius
867 1414 962 1510 apud
991 1413 1162 1510 Orphiccs
1188 1413 1374 1484 invenitur.
1402 1413 1531 1484 Passim
1551 1413 1687 1485 coelum

509 1537 543 1601 et
571 1538 697 1602 terram
726 1530 884 1602 omnium
900 1555 1029 1602 rerum
1057 1530 1192 1602 divinos
1205 1529 1379 1624 genitores
1394 1539 1586 1626 nuncupat,
1604 1555 1632 1601 e.
1652 1555 1683 1625 g.

510 1645 550 1718 ir.
584 1649 679 1718 836:

778 1869 855 1926 Γαῖα
880 1861 1012 1939 μεγίστη
1036 1858 1087 1924 καὶ
1113 1860 1181 1932 Διὸς
1206 1857 1313 1939 Αῐθήρ,

781 1978 793 2040 o‘
819 1979 874 2054 μὲν
899 1975 1061 2056 ἀνθρώπων
1087 1975 1137 2040 xxi
1161 1974 1239 2039 θεῶν
1263 1975 1388 2053 γενέτωρ

778 2095 794 2167 ἡ
818 2093 1024 2173 cappadoci
1048 2091 1201 2170 σταγόνκς
1224 2091 1325 2164 νοτίαις

779 2208 1014 2288 παρκδεξκμένη
1039 2209 1133 2273 τίκτει
1157 2206 1282 2283 θνητοὺς
1306 2233 1333 2271 κ.
1347 2231 1376 2270 τ.
1390 2222 1419 2270 λ.

564 2449 617 2520 Cf.
661 2450 701 2522 ir.
744 2454 832 2535 188,
871 2451 992 2547 Suppl.
1029 2451 1211 2535 11111.
1245 2454 1333 2535 961,
1362 2475 1495 2521 necnon
1525 2451 1565 2522 11.
1598 2455 1685 2536 1135,

512 2564 574 2636 ubi
601 2566 719 2638 aether
747 2575 819 2649 Ζεὺς
847 2575 999 2639 vocatur.

567 2681 680 2753 Nemo
722 2691 840 2755 autem
881 2684 989 2754 nescit
1028 2683 1064 2755 in
1107 2683 1268 2780 Orphicis
1308 2683 1352 2754 ed
1387 2683 1543 2755 taedium
1578 2710 1688 2781 usque

512 2822 704 2870 recurrere:
736 2811 796 2881 Γᾶς
829 2809 886 2881 υἱὸς
915 2808 967 2885 tp}
991 2809 1042 2872 aa}
1065 2811 1159 2886 ὠρκνῶ
1183 2808 1370 2887 ἀστερόεντος
1388 2800 1411 2871 i.
1433 2825 1462 2872 1.
1483 2801 1687 2872 Titanorum

512 2938 590 2984 sum
617 2914 720 2999 filius,
751 2916 875 2986 'ferrae
903 2916 1069 3011 Coclique
1098 2915 1247 2988 eliberis
1260 2941 1336 2987 sum
1352 2926 1465 3000 natus,
1482 2917 1688 3013 animusque

513 3054 609 3101 meus
636 3031 737 3102 variis
763 3032 1020 3128 expiationibus
1047 3042 1226 3129 purgatus,
1242 3032 1407 3104 liberatus
1422 3040 1518 3129 parte
1536 3034 1688 3105 terrestri

513 3155 588 3241 post
629 3148 752 3218 seriem
770 3149 929 3245 ¹vitorum
957 3149 1192 3244 mortiumque
1219 3158 1409 3221 revertet-ur
1440 3149 1485 3220 ad
1517 3150 1686 3244 originem

512 3261 678 3347 divinam,
719 3264 778 3335 fiet
820 3265 991 3361 particeps
1031 3266 1201 3360 perfectae
1238 3264 1473 3350 beatitudinis,
1516 3265 1552 3336 in
1581 3290 1687 3361 quam

512 3378 611 3451 cadet
639 3380 737 3475 quasi
765 3387 863 3467 ἔριφος
886 3391 916 3462 ἐς
941 3389 1039 3466 wine.

564 3495 662 3584 Quid
704 3496 785 3568 inde
829 3497 1038 3568 efficiemus?
1067 3497 1163 3569 Nihil
1194 3498 1258 3568 nisi
1286 3498 1362 3583 hoe,
1393 3496 1554 3593 Euripidi
1583 3497 1685 3570 fuisse

511 3612 680 3707 quaedam
711 3638 792 3684 cnm
821 3612 983 3708 Orphicis
1010 3614 1226 3699 communia;
1257 3639 1337 3685 nam
1366 3614 1446 3685 lieet
1473 3614 1625 3708 tragicus
1648 3623 1687 3687 11

512 3729 656 3825 Orphici
683 3729 789 3800 vitam
818 3737 1013 3800 terrestrem
1042 3729 1202 3825 bonaque
1231 3731 1325 3800 1111111
1352 3731 1448 3825 parui
1475 3731 1576 3828 pretii
1596 3730 1686 3802 iudi-

511 3852 582 3928 cet,
612 3844 698 3917 fides
732 3845 890 3917 Iustitiae
923 3845 1059 3917 divinae
1087 3846 1197 3917 scelus
1224 3871 1326 3917 omne
1354 3847 1554 3942 puniturae,
1583 3872 1686 3919 oume

511 3961 673 4033 meritum
687 3963 848 4058 praemiis
861 3962 1057 4046 affecturae,
1078 3987 1249 4057 nusquam
1268 3963 1304 4034 in
1323 3964 1398 4034 eius
1416 3963 1542 4035 sabulis
1560 3963 1683 4036 elucet.

511 4077 593 4148 Erat
618 4087 735 4149 autem
763 4087 797 4149 et
825 4079 908 4150 haec
935 4078 1092 4150 doctrina
1120 4078 1282 4174 Orphica.

567 4193 727 4289 Denique
757 4194 817 4265 ubi
847 4196 1028 4291 Orpheum
1052 4194 1220 4277 nominat,
1237 4194 1446 4267 laudibusne
1465 4221 1546 4267 emn
1565 4222 1685 4268 cumu-

511 4308 579 4379 lat?
594 4310 793 4382 Recensebo
808 4310 1018 4382 locosRhes.
1044 4314 1132 4394 943,
1155 4314 1243 4394 11611,
1266 4311 1340 4383 Alc.
1365 4315 1452 4396 966,
1479 4312 1583 4408 Hipp.
1609 4317 1682 4384 952

512 4424 648 4496 nullum
684 4427 809 4498 amoris
843 4426 1014 4498 indicium
1053 4427 1203 4523 reperi0;
1241 4436 1361 4499 contra
1390 4428 1466 4500 Alc.
1506 4432 1592 4513 11116,
1623 4430 1685 4500 uhi

511 4551 612 4640 poeta
640 4542 712 4642 ipse
741 4543 843 4616 verba
871 4544 981 4619 faeere
1011 4543 1159 4630 videtur,
1189 4546 1387 4642 profitetur:
