3704 5484
924 546 943 614 5

343 754 463 849 gloria,
501 756 630 852 quibus
668 758 805 846 „nova”
836 756 962 851 placita
990 757 1174 841 fruuntur3
1204 782 1325 828 sumus
1353 756 1520 828 nimirum

343 896 405 967 pro
447 872 636 944 ambitione
679 882 794 944 nostro
835 872 880 943 ad
923 873 964 943 iis
1006 872 1206 943 hominibus
1233 872 1520 970 applaudemlurn

342 988 456 1059 statim
487 989 608 1084 parmi,
634 989 706 1084 qui,
737 999 776 1061 nt
804 989 908 1084 vulgo
938 989 1077 1073 dieitur,
1110 998 1266 1072 „nostras
1294 989 1520 1084 cogitationes

342 1113 414 1176 tam
455 1105 598 1202 pulchre
635 1106 851 1201 interpretati
879 1106 1003 1189 sunt'’;
1034 1131 1097 1176 nce
1126 1105 1267 1202 illepide
1296 1105 1455 1177 Pliniana
1483 1107 1517 1177 in

342 1221 487 1317 epistola
514 1221 714 1293 observatur
736 1223 825 1294 hane
852 1222 897 1293 ob
926 1246 1063 1293 cansam
1092 1220 1265 1316 longiores
1293 1230 1519 1318 patronorum

342 1337 513 1408 orationes
554 1338 769 1410 brevioribus
811 1346 993 1435 praestare,
1038 1337 1132 1434 (prod
1175 1338 1266 1409 inter
1302 1345 1372 1409 tani
1409 1338 1520 1410 multa

342 1453 503 1549 variaque
531 1464 736 1549 argumenta
770 1454 903 1551 prolata
930 1453 1024 1525 haud
1053 1453 1160 1525 dubie
1191 1479 1299 1525 unum
1328 1454 1518 1526 alterumve

341 1571 483 1643 allmtnr
510 1598 530 1642 a
557 1571 673 1643 iudice
701 1571 776 1666 ipso
803 1571 873 1642 ianr
901 1570 1147 1665 excogitatum,
1177 1596 1247 1666 qno
1274 1569 1516 1643 auditoiudex

341 1686 522 1782 hueusque
564 1713 720 1760 morosus
749 1687 819 1759 leni
862 1687 933 1758 risu
968 1687 1155 1782 animoque
1193 1685 1359 1758 benevolo
1394 1687 1518 1759 annuit

341 1803 478 1875 oratori.

396 1920 519 2015 Neque
560 1919 660 1991 aliter
700 1919 803 1990 luisse
849 1919 942 2016 apud
984 1919 1211 1991 Athenienses
1245 1919 1332 1991 ratio
1367 1919 1515 2004 evincit;

342 2061 412 2106 nou
441 2036 488 2107 ita
515 2036 690 2108 eminebat
720 2035 904 2132 blinipides
931 2036 1021 2107 iuter
1047 2036 1175 2107 civium
1205 2060 1348 2106 suorum
1376 2036 1515 2107 turbam

343 2161 380 2222 ut
418 2177 516 2223 mous
550 2153 586 2223 in
622 2152 784 2248 planitie;
822 2178 891 2223 nou
925 2152 1021 2223 irrita
1056 2161 1107 2223 tot
1143 2151 1344 2223 lonicorum
1371 2161 1406 2224 et
1434 2152 1516 2223 Sici-

340 2268 501 2340 liensiuru
536 2268 821 2366 philosophorum
859 2267 961 2340 verba
994 2268 1115 2364 populi
1153 2294 1214 2364 per
1241 2293 1341 2339 aures
1369 2267 1516 2340 demisse

339 2385 494 2469 fuerant,
542 2385 708 2481 (prodque
743 2385 927 2480 pleraeque
961 2384 1083 2479 tragici
1121 2383 1257 2456 fabulae
1293 2384 1513 2469 ceciderunt,

339 2527 441 2573 ‹arsnsa
477 2528 544 2572 nou
580 2502 616 2573 in
652 2527 717 2573 usu
752 2501 988 2598 philosophiae
1023 2501 1221 2596 quarerendo
1265 2500 1349 2572 mihi
1377 2501 1516 2573 videtur

339 2618 397 2688 sed
433 2618 469 2689 in
504 2618 626 2690 almsu.
690 2619 905 2713 Spectatores
939 2643 1019 2688 vero
1055 2643 1123 2688 non
1159 2618 1191 2688 ci
1225 2628 1323 2689 orant
1358 2617 1515 2688 homines

338 2759 426 2828 quos
459 2734 543 2805 olim
577 2734 805 2805 delectaverat
844 2733 1017 2805 Hesiodea
1052 2732 1253 2828 'l'heogonia
1286 2761 1306 2804 a
1334 2733 1515 2830 rhapsodis

339 2850 496 2936 recitata,
535 2850 595 2921 sed
633 2876 720 2921 nora
754 2859 968 2921 succreverat
1002 2858 1095 2921 aetus
1129 2877 1149 2921 a
1184 2850 1303 2946 priscis
1331 2849 1399 2920 illis
1434 2850 1515 2920 viris

339 2967 466 3038 urirunr
508 2981 680 3062 (plautum
708 2967 858 3050 diversa3
901 2992 981 3037 nam
1014 2965 1191 3037 celerrime
1224 2967 1347 3062 quinto
1376 2967 1513 3038 saeculo

338 3084 483 3155 Athenis
512 3083 609 3155 ideae
637 3082 702 3154 sibi
730 3091 977 3154 successerunt.

394 3199 527 3271 llixerit
563 3199 618 3271 hic
654 3199 796 3295 aliquis:
830 3225 873 3282 „o
902 3198 1011 3281 boue,
1042 3223 1157 3269 nouue
1185 3198 1291 3269 sentis
1318 3198 1513 3270 diaurelrali

338 3317 406 3387 sere
435 3315 651 3412 oppositione
679 3315 871 3412 discrepare
900 3315 1100 3411 opinionem
1120 3301 1216 3385 liram
1240 3313 1377 3411 abipso
1396 3340 1513 3385 rerum

336 3433 508 3504 decursu?
536 3432 709 3503 oblitusne
738 3458 773 3502 es
800 3431 844 3501 ab
872 3431 931 3501 illo
961 3431 1034 3526 ipso
1063 3430 1205 3526 pratulo,
1235 3431 1292 3501 eui
1313 3456 1395 3502 cum
1415 3431 1512 3502 Eari-

337 3548 417 3646 pide
445 3548 488 3619 de
517 3548 619 3619 rebus
647 3548 772 3619 divinis
800 3547 996 3619 convenisse
1024 3547 1090 3619 tibi
1113 3547 1227 3641 lingis,
1257 3547 1416 3640 fugatum
1442 3573 1512 3619 esse

338 3667 596 3757 Artaxagoram,
633 3664 753 3762 eapitis
791 3689 869 3735 vero
903 3663 1108 3734 damnatum
1137 3664 1330 3746 Socratem,
1361 3688 1510 3758 (prorum

335 3781 483 3853 alterum
504 3781 687 3876 lluripidcs
706 3780 804 3851 valde
822 3780 1014 3851 admiratus
1033 3789 1083 3850 ost.
1103 3779 1206 3868 (lton.
1236 3782 1347 3866 rael)
1363 3779 1509 3851 alterum

334 3898 474 3969 sortasse
512 3897 634 3968 habuit
671 3897 920 3989 nragistrurn‘?”
958 3941 1009 3948 —
1046 3896 1126 3966 Non
1164 3896 1294 3978 neseio,
1332 3895 1392 3966 sed
1428 3921 1511 3990 rogo

335 4014 419 4110 (prid
457 4013 520 4084 hae
564 4040 614 4084 ros
642 4012 800 4109 probent.
853 4013 950 4083 Num
980 4014 1067 4084 l'orte
1097 4012 1266 4110 populum
1297 4020 1511 4083 vetustorum

335 4130 540 4226 placitorum
569 4130 758 4201 reuerent-ia
787 4128 961 4200 imbutum
990 4154 1155 4224 sacroque
1186 4127 1308 4199 ardore
1326 4128 1510 4224 alunpturn

336 4245 616 4343 philosophorum
653 4246 865 4341 irnpictatmn
901 4245 1024 4316 ultimo
1052 4245 1222 4341 supplicio
1251 4244 1390 4338 dignam
1420 4244 1510 4316 indi-

334 4365 448 4435 casse?
498 4362 564 4432 sul
607 4363 679 4457 ipse
713 4363 778 4433 hoc
814 4388 881 4432 non
917 4361 1038 4444 eredis,
1076 4387 1156 4432 nam
1193 4362 1337 4432 renuunt
1371 4360 1435 4432 tibi
1474 4361 1507 4431 in

334 4488 484 4550 urentem
529 4479 704 4549 rarissima.
750 4478 900 4549 l'latouis
939 4478 1043 4549 verba
1082 4476 1244 4575 (ilpolog.
1292 4477 1404 4564 XVl),
1448 4477 1509 4548 nbi

334 4597 487 4666 Socrates
524 4621 661 4666 eausam
696 4594 928 4666 ‹laurnationis
954 4620 1035 4666 suae
1063 4619 1128 4665 acu
1156 4594 1267 4688 tangit
1295 4594 1505 4667 exclamans:
