3704 5484
971 517 1044 586 105

417 734 474 792 σῶν
498 727 575 792 θεῶν
598 725 731 806 ἐνόμιζεν
755 723 836 791 εἶναι·
862 721 890 792 ὃν
913 726 965 791 καὶ
988 725 1172 790 Ἀπόλλωνα
1189 729 1430 808 προσηγόρευσεν,
1447 728 1597 807 ἐπεγειρό-

419 845 505 923 μενός
536 869 570 909 σε
601 854 653 919 τῆς
684 846 786 918 νυκτὸς
816 844 901 908 κοντοὶ
924 845 977 918 τὴν
1001 841 1122 918 ἑωθινὴν
1145 843 1195 907 ἐπὶ
1219 847 1251 909 τὸ
1276 844 1334 924 ἔρος
1358 847 1390 910 τὸ
1414 845 1596 922 καλούμενον

419 962 580 1040 Ποὶγγανον
615 961 775 1041 προσέμενε
811 961 868 1034 τοὶς
904 960 1068 1034 ἀνατολάς,
1105 957 1151 1024 ἵνα
1185 960 1234 1042 lay
1265 963 1314 1026 τὸν
1345 969 1451 1027 “Ham
1475 969 1596 1042 πρῶτον.

418 1075 487 1143 ὅθεν
512 1080 525 1142 ὁ
550 1077 687 1151 Διόνυσος
710 1076 860 1158 ὀργισθεὶς
883 1080 965 1157 αὐτῷ
990 1076 1114 1157 ἔπεμψε
1138 1077 1195 1150 τοὶς
1219 1078 1421 1159 Βασσαρίδας,
1450 1077 1486 1152 ὥς
1507 1084 1597 1159 φησιν

420 1195 574 1274 Αἰσχύλος
598 1196 611 1258 ὁ
635 1197 766 1269 ποιητής,
791 1191 899 1268 αἵτινες
923 1195 1011 1258 αὐτὸν
1035 1193 1201 1258 διέσπασαν
1225 1194 1275 1259 καὶ
1299 1195 1341 1258 σοὶ
1358 1195 1437 1272 μέλη
1449 1195 1597 1274 διέρριψαν

418 1312 508 1392 χωρὶς
527 1309 662 1385 ἕκαστον,
676 1312 708 1376 αἱ
731 1311 762 1374 δὲ
776 1317 895 1375 Μοῦσαν
907 1317 1136 1388 συναγαγοῦσαν
1149 1309 1276 1391 ἔθαψαν
1293 1311 1342 1375 ἐπὶ
1356 1319 1414 1385 τοῖς
1427 1311 1597 1389 λεγομένοις

419 1426 608 1508 neptune.
632 1420 688 1509 (cf.
718 1419 902 1515 Hyginum
928 1420 964 1491 in
993 1420 1089 1491 Poet.
1112 1421 1250 1491 Astron.
1273 1420 1309 1490 Il
1333 1421 1352 1492 7
1373 1446 1406 1516 p.
1427 1423 1501 1491 438
1518 1424 1594 1516 sq.).

419 1535 537 1632 Pergit
581 1536 690 1631 igitur
734 1537 974 1609 Hermannus:
1029 1535 1143 1625 „mihi
1191 1536 1335 1632 quidem
1377 1535 1597 1608 verisimilius

419 1652 557 1724 videtur
591 1653 627 1724 in
659 1656 731 1726 solo
774 1655 901 1749 Orphei
933 1677 1013 1726 caea
1043 1652 1232 1725 secundam
1259 1651 1474 1748 tragoediam
1502 1652 1596 1742 (Bas-

418 1768 559 1857 saridas)
588 1768 817 1841 constitisse.''
848 1768 972 1842 Addit:
1013 1769 1163 1854 „chorus
1190 1768 1327 1840 fabulae
1356 1768 1509 1841 dubitari
1536 1793 1596 1864 po-

418 1895 484 1958 test
516 1885 666 1957 fueritne
701 1893 740 1957 ut
775 1910 902 1958 nomen
936 1884 1060 1957 suadet
1095 1884 1317 1957 Bassaridum
1350 1910 1393 1956 an
1429 1885 1524 1980 quod
1553 1909 1595 1956 ex

419 2002 670 2074 Catasterismis
696 2001 858 2097 colligere
880 2002 959 2098 quis
972 2002 1079 2099 possit
1098 2003 1293 2073 Musarum.
1324 2001 1381 2074 Ad
1400 2000 1597 2097 argumenti

419 2118 588 2190 rationem
622 2117 914 2190 accommodatior
947 2127 998 2191 est
1032 2117 1224 2189 concitatus
1251 2117 1308 2190 ille
1336 2126 1371 2190 et
1397 2142 1485 2213 pene
1513 2116 1597 2188 suri·

420 2234 562 2306 bandus
594 2233 816 2306 Bassaridum
850 2259 956 2329 quam
984 2258 1069 2330 quas
1095 2258 1215 2330 graves
1242 2241 1276 2306 et
1304 2232 1498 2305 moderatas
1525 2257 1597 2304 esse

420 2350 564 2423 decebat
592 2352 775 2423 Musarum
803 2351 939 2435 chorus,
969 2350 1168 2448 praesertim
1196 2351 1224 2421 si
1253 2360 1292 2422 ut
1319 2349 1388 2422 alio
1415 2349 1490 2421 loco
1518 2374 1597 2420 ron·

420 2467 486 2539 ieci
526 2465 758 2539 secundarum
792 2466 829 2538 in
863 2466 1011 2562 trilogiis
1048 2465 1246 2538 fabularum
1277 2467 1387 2538 virtus
1411 2465 1597 2562 praecipue

420 2584 455 2656 in
484 2584 626 2655 canticis
653 2582 968 2679 conspiciebatnr’'⁴
1028 2583 1145 2672 Quam
1164 2582 1399 2655 coniecturam
1418 2581 1482 2653 viri
1501 2581 1595 2653 acuti

421 2709 455 2772 et
482 2698 672 2771 doctissimi
698 2699 779 2770 satis
807 2699 925 2771 mirari
952 2725 1099 2795 nequeo.

474 2816 566 2888 Nam
594 2814 682 2911 quid
708 2815 752 2887 sit
779 2815 917 2910 trilogia
944 2815 1134 2912 Aeschyleo
1154 2812 1178 2903 ¹)
1207 2816 1309 2888 docet
1337 2814 1413 2887 eius
1440 2815 1593 2898 Orestes,

420 2957 491 3028 quo
519 2957 622 3028 opere
649 2932 875 3003 confirmatur
902 2931 1146 3027 stabilitorque
1175 2931 1212 3004 id
1231 2931 1327 3027 quod
1347 2931 1420 3028 ipsa
1437 2956 1491 3003 res
1511 2931 1595 3001 fere-

420 3048 490 3120 bat.
521 3047 655 3119 Scimus
682 3048 775 3119 enim
803 3057 1051 3143 argumentum
1066 3049 1114 3119 sic
1133 3047 1303 3120 trifariam
1322 3048 1426 3119 luisse
1445 3047 1595 3119 divisum

421 3172 461 3236 ut
502 3165 537 3235 in
579 3164 691 3260 prima
724 3172 822 3260 parte
854 3172 1085 3261 exponeretur
1120 3191 1236 3249 οονοο,
1264 3164 1300 3235 in
1329 3163 1481 3236 secunda
1506 3166 1596 3236 actio

415 3283 629 3376 panopolis,
660 3280 695 3351 in
724 3280 825 3351 tertia
852 3285 974 3354 ecutae.
1017 3283 1177 3354 Corztimm
1204 3280 1313 3376 igitur
1338 3289 1458 3352 tenore
1478 3279 1597 3351 drama

421 3397 457 3468 in
498 3396 611 3492 prima
651 3405 747 3492 parto
784 3396 963 3494 inceptum
998 3397 1205 3494 properabat
1241 3423 1302 3495 per
1335 3396 1524 3469 secundam
1551 3396 1596 3468 ad

420 3515 527 3585 linem
542 3512 590 3584 *in
620 3513 732 3597 tertia,
762 3521 864 3609 poeta
891 3524 1009 3586 autem
1037 3514 1236 3610 gravissima
1255 3513 1507 3610 vituperatione
1522 3512 1596 3607 dig·

422 3655 489 3701 nus
530 3629 661 3713 fuisset,
705 3629 733 3700 si
761 3628 872 3725 mythi
907 3629 966 3702 filo
1003 3631 1185 3702 intersecto
1219 3629 1408 3702 secundam
1442 3628 1596 3700 fabulam

422 3753 560 3833 παρέργῳ
584 3744 769 3841 implesset,
799 3745 938 3817 tertiam
966 3746 1072 3819 nimia
1105 3747 1205 3844 copia
1232 3772 1347 3818 rerum
1376 3745 1466 3817 male
1486 3745 1596 3841 diges-

421 3869 537 3932 tarum
585 3870 768 3933 onerasset.
826 3863 964 3934 Etenim
1005 3864 1033 3936 si
1079 3863 1157 3959 quis
1198 3862 1348 3934 mediam
1383 3870 1515 3958 partem
1558 3861 1594 3933 in

421 3976 494 4049 solo
537 3977 670 4073 Orphei
709 4003 790 4050 casu
835 3989 1001 4051 versatam
1043 3986 1155 4076 putat,
1198 3987 1326 4051 statuat
1363 4003 1498 4050 necesse
1546 3986 1597 4049 est

421 4092 457 4165 in
496 4092 619 4164 ultima
653 4094 769 4166 furore
804 4104 1001 4193 correptum
1039 4120 1110 4167 esse
1147 4095 1365 4191 Lycurgum,
1404 4095 1594 4190 Dryantem

423 4208 636 4281 interemisse
670 4210 801 4295 filium,
831 4210 875 4282 ad
903 4220 1057 4284 mentem
1084 4236 1202 4283 sanam
1229 4211 1381 4295 rediisse,
1411 4235 1431 4281 a
1458 4210 1594 4282 Baccho

463 4508 482 4580 ¹)
509 4510 571 4565 Non
597 4512 691 4584 loquor
717 4512 750 4567 de
777 4513 890 4584 posteris
917 4510 1009 4583 poetis,
1032 4513 1130 4584 quibus
1147 4518 1202 4569 tres
1218 4512 1325 4569 fabulas
1343 4514 1420 4568 varia
1438 4519 1597 4585 argumenta

421 4596 570 4647 tractantes
586 4594 749 4665 coniungere
767 4611 823 4648 mos
840 4594 901 4649 fuit.
