3704 5484
996 594 1043 662 90

484 801 625 878 Quibus
652 803 811 899 perlectis
829 803 907 898 quis
926 829 995 875 non
1015 804 1131 876 statim
1146 828 1280 875 memor
1298 804 1337 874 fit
1356 802 1608 896 Cosmogoniac

432 919 616 1015 Orphicac,
659 919 721 991 ubi
763 920 865 991 chaos
906 920 1135 1014 conglobatur
1162 920 1197 990 in
1236 928 1296 991 ὠιὲν
1321 927 1484 1007 ἀργύφεον,
1513 916 1607 989 undo

432 1043 533 1107 natus
562 1035 696 1107 Phanes
715 1036 768 1106 vel
788 1037 872 1107 Eros
891 1044 1043 1124 χρυσείαις
1068 1043 1248 1124 πτερύγεσσι
1272 1044 1450 1124 Φορεύμενσς
1467 1041 1543 1106 ἔνθα
1559 1041 1609 1105 cxl

436 1158 512 1223 tote
532 1151 587 1241 (cf.
610 1151 697 1223 Lob.
719 1150 798 1248 Agl.
820 1151 933 1225 1470
954 1151 1007 1242 ff).

486 1268 575 1343 Quis
602 1294 672 1340 non
699 1267 804 1340 sentit
831 1266 958 1364 placita
985 1268 1220 1365 Orphicorum
1248 1268 1304 1339 hic
1331 1273 1570 1356 κωμῳδεῖσθκιῖ

487 1386 533 1456 At
574 1409 700 1480 magna
741 1384 975 1480 Orphicorunr
1017 1385 1189 1469 carmina,
1234 1392 1319 1480 puta
1359 1383 1608 1478 Argonautica,

434 1500 604 1596 Hymnus,
634 1499 781 1585 Lithica‚
811 1500 875 1571 viri
903 1499 997 1572 docti
1024 1500 1126 1573 tertio
1155 1526 1188 1597 p.
1220 1501 1258 1572 Ο.
1289 1527 1323 1573 n.
1353 1498 1490 1572 sacculo
1517 1497 1611 1570 attri-

434 1617 602 1688 buerunt!
638 1615 715 1687 Scio
742 1615 826 1688 talia
852 1615 1036 1689 arbitratos
1065 1615 1308 1689 Hermannum
1336 1616 1440 1707 (Dies
1471 1615 1515 1687 dc
1542 1622 1608 1687 aet.

433 1732 549 1828 script.
579 1735 709 1827 Argon.
730 1735 803 1805 675
820 1738 910 1827 sqq.)
930 1741 964 1805 et
983 1733 1231 1829 'lyrwhittium
1250 1733 1369 1829 (praef.
1391 1731 1435 1804 ad
1455 1730 1609 1819 Limia),

434 1848 493 1921 sed
536 1849 679 1919 luerunt
719 1856 824 1942 atquc
865 1857 946 1920 sunt
974 1849 1035 1944 qui
1064 1849 1181 1921 onmia
1208 1849 1292 1920 haec
1319 1873 1423 1945 opem
1446 1874 1466 1919 a
1493 1845 1612 1944 priscis

435 1966 648 2036 Graecorum
682 1964 793 2060 poetis
830 1965 1021 2061 composita
1052 1975 1194 2062 putant,
1224 1990 1374 2060 quorum
1401 1964 1438 2034 in
1466 1987 1611 2034 numero

435 2080 572 2176 gaudeo
611 2080 788 2152 nominare
827 2079 1093 2165 Ruhnkeniunr,
1132 2081 1194 2176 qui
1228 2081 1336 2178 Epist.
1381 2080 1464 2151 Crit.
1496 2078 1532 2149 ll
1564 2082 1611 2149 69

434 2197 483 2269 sic
517 2206 567 2268 est
602 2196 756 2269 locutus:
797 2197 894 2286 „Qui
927 2198 1164 2292 Argonautica
1196 2196 1337 2293 Orpheo
1370 2195 1516 2268 subiecit
1543 2195 1612 2266 sive

436 2312 682 2384 Ononmcritus
718 2312 825 2385 fucrit
858 2313 928 2385 sive
956 2314 1046 2385 alins
1073 2314 1229 2410 scriptor,
1259 2321 1350 2384 certe
1379 2338 1454 2383 meo
1482 2310 1613 2382 iudicio

436 2438 486 2502 est
514 2428 775 2501 vetustissimus
808 2429 924 2501 Dictio
953 2430 1023 2501 fere
1051 2439 1102 2502 est
1129 2429 1355 2502 Honrerica.''
1384 2428 1451 2499 Cf.

491 2546 534 2616 0.
565 2544 711 2641 Gruppc
739 2545 806 2617 Dic
835 2545 974 2617 Griecb.
1005 2545 1107 2619 Culte
1142 2572 1177 2618 u.
1215 2545 1374 2642 Mythen.
1407 2548 1481 2615 625
1511 2567 1584 2638 sqq.

491 2660 662 2733 Susemihl
692 2661 817 2733 Philol.
846 2661 966 2733 Jahrb.
997 2654 1088 2733 Clx'
1112 2665 1213 2735 1874
1243 2687 1276 2759 p.
1309 2664 1396 2733 675.

492 2777 588 2849 Diels
628 2777 767 2849 Archiv.
807 2777 830 2849 f.
862 2777 986 2849 Gesch.
1017 2778 1079 2849 der
1107 2778 1328 2875 Philosophie
1356 2778 1392 2848 ll
1423 2779 1483 2847 91.

479 2892 652 2964 ‘Tlrcodor
680 2894 850 2990 Gompcrn
879 2893 1100 2965 Grieohische
1130 2895 1269 2966 llcnker
1296 2920 1330 2990 p.
1354 2896 1401 2964 80
1423 2918 1496 2988 sqq.
1523 2888 1547 2977 ¹)

495 3009 654 3104 Denique
684 3008 836 3080 Lobeoki
863 3009 1008 3105 vestigia
1035 3019 1175 3082 secutus
1200 3012 1243 3081 Ο.
1265 3010 1362 3081 Korn
1382 3010 1450 3098 (De
1469 3007 1613 3103 Orphei,

439 3124 665 3222 Epimenidis,
682 3123 890 3222 Pherecydis
903 3126 1099 3221 theogoniis
1113 3126 1330 3223 quaestiones
1345 3126 1483 3198 criticae
1500 3123 1613 3195 Berol.

442 3245 557 3328 1888)
599 3239 768 3313 vetustam
812 3242 1032 3338 Theogoniac
1073 3251 1221 3316 aetatem
1263 3242 1371 3314 firmis
1402 3240 1616 3336 argumentis

437 3357 635 3429 vindicavit.
1412 3447 1414 3451 y

493 3474 606 3545 Etiam
637 3473 725 3544 Ran.
760 3476 860 3545 1032
892 3475 1126 3570 Orphicarum
1156 3489 1284 3548 τελετῶν
1308 3475 1439 3546 mentio
1467 3475 1525 3555 fit;
1555 3470 1643 3543 scd.

439 3590 525 3686 quid
567 3589 778 3662 documenta.
810 3591 1010 3685 quaerimus
1037 3591 1073 3662 in
1102 3617 1204 3687 operc
1231 3591 1297 3663 sub
1329 3592 1389 3663 fin.
1420 3587 1460 3658 Vi
1488 3586 1616 3661 sacculi

438 3706 577 3802 scripto,
607 3731 722 3777 nonne
751 3705 823 3802 ipse
852 3706 1043 3803 Aeschylus
1071 3709 1107 3778 in
1136 3733 1236 3779 scena
1264 3706 1378 3779 dicere
1407 3731 1511 3778 ausus
1539 3712 1612 3776 est:

573 3884 645 3957 Ζεύς
669 3886 747 3947 ἐστιν
771 3883 871 3964 αἰθήρ,
896 3884 968 3959 Ζεὺς
992 3885 1023 3948 δὲ
1048 3895 1098 3963 γῆ,
1123 3886 1194 3960 Ζεὺς
1218 3885 1369 3966 δὀὐρκνός,

576 3999 649 4072 Ζεύς
672 4024 716 4064 τοι
740 4002 781 4064 ‘rol
805 4003 911 4066 adura
935 4002 1014 4082 χῶτι
1038 4003 1121 4066 τῶνδ’
1145 4004 1296 4082 ὑπέρτερεν
1317 3994 1370 4083 (fr.
1394 3996 1460 4064 65³
1480 3989 1615 4076 Uihil),

439 4106 658 4178 luculentum
685 4110 853 4204 praebens
880 4110 1088 4206 pauthcismi
1116 4111 1327 4207 exemplum,
1357 4109 1468 4205 quiin
1491 4106 1616 4203 Orphi-

440 4248 558 4293 corurn
600 4223 759 4295 doctrino
786 4226 992 4321 primarium
1020 4227 1136 4298 locum
1165 4226 1321 4298 obtinet?
1368 4226 1494 4297 Nonnc
1522 4223 1616 4294 idem

440 4337 529 4409 dixit
558 4339 676 4410 l'rorn.¹
705 4344 798 4412 aab:

478 4689 498 4760 ¹)
519 4691 621 4762 Utique
639 4692 821 4762 inspiciendas
840 4702 904 4767 puto
922 4715 984 4768 pag.
1004 4700 1056 4751 110
1075 4716 1131 4770 sqq.
