3704 5484
1055 505 1126 574 101

502 725 705 804 aaronitae
730 725 826 805 μόρον,
856 716 919 787 ubi
952 716 1122 788 alluditur
1148 717 1192 788 ad
1221 717 1348 789 animal
1376 727 1576 791 venatorem
1594 720 1680 792 effu-

502 833 599 928 giens
626 834 686 905 sed
713 859 796 905 mcx
823 840 965 929 captum
992 843 1026 904 61
1054 834 1217 905 occisum.
1248 834 1361 906 Credo
1389 835 1498 931 igitur
1516 861 1679 931 magnam

501 958 635 1045 partem
675 949 891 1046 sculptorum
917 958 1071 1022 secutam
1098 975 1168 1021 esse
1196 951 1411 1045 tragoediam
1440 952 1677 1048 Aeschyleam,

501 1065 538 1135 in
579 1066 642 1137 hae
683 1075 801 1137 antem
843 1066 1038 1138 Pentheum
1079 1091 1149 1137 non
1191 1092 1233 1137 ex
1265 1067 1386 1139 arbore
1415 1069 1588 1154 cecidisse,
1618 1067 1680 1140 sed

501 1182 663 1277 fugatum
690 1190 724 1254 et
752 1182 878 1254 frustra
904 1207 939 1253 se
968 1181 1152 1254 defendere
1181 1192 1345 1253 conatum
1371 1184 1474 1255 fuisse
1494 1185 1679 1281 interemp-

501 1307 589 1370 tum.
620 1298 662 1369 ln
690 1297 866 1394 Lyeurgia
892 1323 1032 1394 quoque
1061 1298 1251 1394 Aeschyleo
1279 1343 1330 1350 —
1358 1298 1401 1371 dc
1430 1325 1500 1395 qua
1521 1301 1678 1372 iufra—

501 1414 608 1510 Lyssa
635 1415 776 1486 fortasse
804 1422 918 1511 partes
945 1415 1016 1510 egit
1043 1414 1187 1510 aliquae,
1208 1415 1421 1487 mentionem
1436 1416 1530 1487 enim
1544 1417 1679 1488 faciunt

501 1532 624 1602 Brunn
653 1531 796 1620 (Annali
827 1534 927 1602 1850
956 1556 990 1628 p.
1023 1535 1112 1618 330)
1140 1540 1174 1602 61
1195 1531 1377 1603 Michaelis
1396 1533 1543 1622 (Annali
1562 1536 1674 1606 1872.

464 1641 472 1653 ’
500 1673 534 1745 p.
567 1650 657 1736 256)
685 1647 837 1719 duorum
864 1648 1094 1732 vasculorum,
1138 1646 1199 1719 ubi
1229 1648 1334 1719 Furia
1361 1649 1453 1745 regis
1480 1648 1586 1745 capiti
1614 1649 1676 1720 im-

500 1762 635 1835 minens
663 1763 884 1860 conspicitur.

554 1879 734 1969 Quidnam
754 1904 836 1952 vero
856 1878 1001 1951 faciebat
1020 1879 1127 1951 Furia
1145 1879 1181 1950 in
1201 1879 1320 1952 sabula
1346 1887 1479 1963 Πενθεὺς
1497 1887 1513 1964 ἢ
1531 1888 1676 1968 Bitaxa?

500 1995 609 2067 Haud
637 1996 744 2068 dubie
772 1995 948 2091 instigavit
976 1997 1118 2090 Agaven
1146 1995 1290 2092 eiusque
1317 2022 1449 2068 sorores
1475 1995 1521 2068 ad
1535 1996 1676 2069 eaedem

499 2111 651 2198 iuvenis;
694 2137 776 2183 nam
817 2111 889 2183 veri
929 2111 1046 2183 miuus
1080 2111 1191 2183 simile
1226 2112 1329 2196 duco,
1365 2138 1442 2184 eam
1469 2112 1676 2208 persuasisse

500 2228 654 2300 Pentheo
687 2237 727 2300 111
760 2227 923 2299 muliebri
957 2227 1083 2299 vestitu
1119 2227 1266 2300 indutus
1300 2229 1451 2300 Bacchas
1484 2228 1675 2325 speculare·

503 2352 569 2416 tur.
627 2344 717 2416 Utnt
759 2344 796 2416 id
830 2354 892 2429 cst,
928 2344 1147 2438 agnoscimus
1183 2345 1395 2440 Aeschylum
1423 2345 1524 2416 illum
1552 2345 1675 2440 quiet

500 2461 657 2557 Erinyas,
694 2460 909 2532 Baccharum
945 2469 1108 2555 cognatas
1145 2459 1228 2550 (vid.
1263 2460 1405 2557 Dilthey
1434 2463 1528 2533 lllus.
1559 2461 1672 2533 Rhen.

502 2580 575 2651 187
582 2580 603 2644 0
649 2602 682 2674 p.
730 2580 818 2662 322,
862 2576 1022 2648 Ribbeck
1063 2576 1224 2672 Ansange
1258 2602 1293 2649 11.
1338 2577 1586 2672 Entvviehlung
1614 2577 1675 2649 des

498 2693 794 2790 Dionysnseultus
820 2693 857 2764 in
885 2692 1008 2765 Attila
1036 2695 1163 2781 1869),
1191 2692 1288 2764 velut
1307 2693 1497 2765 venatrices
1515 2692 1673 2789 depinxit

498 2809 648 2881 scelestis
674 2809 876 2881 homiuibus
903 2834 1039 2906 semper
1065 2816 1100 2880 et
1128 2808 1259 2904 ubique
1287 2809 1464 2881 instantes

551 2924 747 3022 Euripides,
790 2926 851 3021 qui
893 2950 1140 3021 quameunque
1181 2925 1227 2996 ob
1268 2950 1406 2996 causam
1434 2952 1455 2997 a
1489 2925 1666 3023 proposito

497 3041 658 3138 Aeschyli
692 3041 877 3114 declinavit
906 3086 958 3095 -
985 3066 1091 3137 quam
1128 3066 1208 3113 vero
1242 3041 1396 3113 fabulam
1424 3067 1494 3114 non
1524 3042 1671 3114 mutavit

497 3168 531 3229 et
558 3157 803 3254 amplificavit?
817 3203 881 3242 —,
910 3157 1012 3255 plane
1040 3158 1158 3253 magni
1179 3158 1401 3230 antecessoris
1419 3157 1618 3230 auctoritati
1636 3184 1671 3230 se

496 3274 697 3346 subtrahere
725 3274 891 3369 nequivit.
935 3275 974 3346 E.
1005 3299 1037 3368 g.
1068 3299 1115 3345 vs.
1148 3277 1223 3346 816
1262 3274 1437 3346 Pentheus
1464 3273 1672 3346 describitur

497 3389 596 3485 qnasi
638 3391 745 3462 bestia
787 3408 857 3478 σιγῇ
885 3399 968 3476 aba*
993 3397 1119 3471 taetrae
1143 3396 1316 3475 κκθήμενσς
1358 3389 1414 3479 (cf.
1447 3394 1535 3475 982,
1569 3393 1665 3462 1061

497 3512 622 3593 &abach
647 3506 731 3578 item
760 3505 967 3602 Aeschylcac
996 3505 1193 3599 tragoediae
1222 3506 1477 3578 reminiscimur
1504 3532 1551 3578 vs.
1579 3507 1668 3591 977,

496 3622 558 3693 uhi
585 3623 721 3693 Chorus
749 3622 938 3694 lllaenadas
965 3622 1170 3717 alloquitur:

743 3746 787 3810 ἴτε
810 3745 881 3811 &exi
906 3747 1051 3823 λύσσης
1074 3747 1203 3818 κύνες,
1228 3748 1265 3809 ’ἴτ’
1289 3747 1328 3819 εἷς
1353 3747 1421 3826 ἔρος.

551 3856 624 3926 Ν66
652 3855 950 3953 praetermittendi
980 3855 1064 3926 mihi
1092 3855 1255 3926 videntur
1282 3855 1474 3951 scriptores,
1504 3854 1566 3950 qui
1593 3866 1668 3951 post

499 3971 699 4067 Euripidem
735 3971 861 4043 llacchi
889 3972 1056 4043 ultionem
1085 3980 1288 4043 tmctarnnt.
1328 3972 1417 4042 h'arn
1447 3971 1552 4041 nriror
1580 3971 1669 4041 viros

495 4086 626 4170 doctos,
656 4087 717 4183 qui
745 4112 849 4184 opera
877 4087 1199 4184 pseudo-'l'lrcooriti
1228 4085 1344 4182 (ldyll.
1364 4085 1513 4173 XXVI),
1535 4084 1666 4170 Ovidii,

495 4203 659 4299 Oppiani,
689 4204 821 4288 Nonni,
851 4203 995 4275 Bacchis
1018 4203 1216 4299 Euripideis
1234 4211 1305 4273 tarn
1324 4202 1450 4273 similia
1469 4201 1668 4273 indicarunt

494 4344 600 4414 qrrarn
635 4344 740 4390 ovum
767 4330 818 4391 ost
846 4345 923 4391 ovc.
983 4320 1061 4390 Non
1092 4345 1162 4414 quo
1191 4343 1314 4413 negem
1343 4317 1549 4414 Euripidem
1578 4318 1666 4389 rnul-

493 4443 570 4506 tunr
602 4435 697 4531 apud
732 4461 790 4507 cos
827 4436 982 4520 valuisse,
1021 4436 1081 4507 sed
1109 4460 1177 4506 non
1208 4460 1318 4531 pauca
1346 4435 1476 4519 insunt,
1506 4458 1595 4530 quae
1622 4433 1666 4505 ab

494 4551 664 4648 Aeschylo
691 4552 908 4650 potissimum
938 4552 1089 4624 rrrutuati
1115 4551 1288 4623 videntur.
