3704 5484
968 529 1042 600 107

469 742 592 813 Restat
619 741 816 838 Satyricnm
844 740 965 813 drama
981 739 1225 837 „Lyeurgus’',
1248 741 1306 813 oui
1325 748 1398 813 tota
1416 743 1597 838 tetralogia

417 883 544 930 nomen
572 857 688 930 debet.
732 857 843 929 Cuius
871 865 1118 953 argumentum
1146 883 1228 929 cum
1255 883 1274 931 e
1301 859 1482 955 perpaucis
1509 860 1598 955 frag-

418 975 542 1047 mentis
570 974 646 1046 erui
674 1000 743 1046 non
772 973 886 1059 liceat,
915 973 1033 1045 denuo
1060 974 1107 1046 ad
1126 975 1247 1046 incitas
1264 974 1425 1046 hodierni
1448 975 1598 1048 editores

416 1090 547 1164 redacti
574 1100 666 1163 sunt.

472 1206 675 1279 Obseruauit
703 1205 928 1278 Hermannus
956 1206 991 1296 (Ι.
1008 1206 1047 1294 l.)
1069 1207 1238 1278 absonum
1253 1206 1319 1279 sibi
1334 1207 1443 1279 videri
1460 1207 1598 1293 „virum

417 1324 601 1419 insignem,
630 1322 731 1394 cuius
758 1322 892 1394 adversi
919 1348 1016 1395 casus
1035 1322 1141 1395 modo
1161 1322 1379 1395 miseratione
1398 1332 1503 1420 atque
1521 1324 1598 1395 hor·

418 1465 493 1512 rore
522 1440 655 1511 animos
682 1447 915 1535 spectatorum
944 1439 1155 1536 implessent,
1183 1439 1274 1511 inter
1288 1440 1490 1535 Satyrorum
1504 1440 1598 1512 iocu-

417 1556 505 1628 lares
519 1555 616 1628 lusus
626 1555 911 1652 petulantemque
926 1556 1099 1628 lasciviam
1114 1556 1150 1627 in
1165 1581 1266 1628 scena
1276 1581 1346 1627 esse
1361 1563 1595 1652 conspectum.

417 1673 568 1744 Tametsi
610 1671 704 1744 eninr
732 1671 927 1743 recreandis
954 1680 1058 1769 atque
1087 1671 1318 1745 exhilarandis
1346 1681 1422 1768 post
1449 1673 1536 1744 seria
1564 1680 1598 1744 et

417 1788 529 1861 tristia
549 1788 673 1860 animis
687 1788 850 1859 inservire
865 1787 1088 1860 concedimus
1101 1788 1256 1859 fabulam
1271 1789 1464 1885 satyricam,
1481 1797 1597 1861 tamen

418 1905 456 1978 id
497 1930 567 1976 non
596 1904 644 1975 sio
672 1913 746 1976 orat
774 1904 1008 1990 efficiendum,
1039 1915 1077 1977 ut
1105 1904 1298 1976 recordatio
1326 1905 1478 1990 illorum,
1507 1930 1597 2000 quae

418 2021 523 2118 paulo
551 2029 631 2093 ante
659 2019 821 2092 admirati
850 2029 961 2093 essent
988 2029 1206 2118 spectatores,
1233 2020 1358 2093 humili
1377 2021 1441 2092 ista
1459 2021 1597 2093 levitate

419 2139 620 2233 Satyrorum
657 2144 824 2232 tanquam
861 2136 938 2208 labe
966 2136 1126 2234 adspersa
1153 2137 1447 2209 contaminaretur
1473 2162 1514 2209 ac
1540 2162 1598 2233 pe·

419 2255 515 2326 nitus
542 2252 861 2350 corrumperetur.’'

473 2371 590 2466 Rogas
617 2370 679 2466 qui
706 2369 759 2440 vir
786 2368 946 2464 egregius
974 2394 992 2441 e
1020 2369 1080 2441 tali
1109 2368 1313 2441 difficultate
1340 2395 1376 2441 se
1404 2369 1598 2466 expedirit?

421 2511 490 2558 non
531 2484 630 2557 facile
659 2484 830 2557 coniicias.
876 2485 1118 2557 Ratiocinatnr
1145 2485 1211 2557 sic:
1255 2485 1437 2582 Lyeurgus
1465 2486 1500 2557 in
1528 2486 1597 2558 fine

420 2602 672 2674 Neaniscorum
700 2602 735 2673 in
765 2600 871 2673 deum
900 2611 950 2673 est
978 2610 1144 2687 mutatus,
1173 2605 1253 2675 deus
1280 2602 1388 2698 igitur
1416 2602 1598 2699 Lycurgus

420 2744 490 2790 non
532 2717 681 2814 amplius
715 2745 777 2790 rae
804 2718 841 2789 in
869 2725 1001 2814 satyrae
1028 2743 1165 2790 scenam
1192 2718 1361 2815 procedit,
1390 2744 1497 2814 quare
1524 2719 1597 2790 sine

420 2842 653 2931 spectatorum
681 2833 880 2918 offensione,
911 2842 1031 2931 utpote
1058 2835 1160 2931 plane
1179 2834 1267 2906 alius
1286 2834 1479 2931 Lycurgus,
1499 2843 1597 2932 petu-

419 2950 526 3023 lantia
561 2951 762 3046 Satyrorum
792 2951 863 3046 peti
891 2959 1012 3048 potest.
1043 2996 1095 3003 -
1125 2950 1231 3022 Vides
1258 2952 1294 3023 ni
1322 2950 1422 3023 fallor
1449 2976 1519 3047 qno
1547 2952 1597 3022 ni-

421 3067 532 3138 mium
574 3066 701 3138 mentis
728 3092 874 3137 acumen
903 3067 1080 3138 interdum
1109 3067 1268 3139 criticum
1296 3067 1454 3163 abripiat.
1498 3068 1597 3138 Itane

421 3184 523 3255 vero?
564 3183 689 3254 vestitu
717 3191 751 3254 ot
779 3183 919 3254 nornine
946 3209 1112 3279 personae
1140 3183 1282 3255 rnntatis
1308 3192 1424 3255 actum
1453 3193 1525 3255 crat
1553 3183 1596 3255 do

420 3297 595 3395 profunda
624 3298 868 3384 misericordia,
899 3299 942 3371 de
970 3308 1099 3371 terrore
1127 3300 1270 3372 immani
1297 3300 1426 3395 quibus
1440 3325 1493 3371 res
1507 3300 1597 3371 visae

421 3424 525 3511 atque
552 3415 693 3487 auditae
718 3424 750 3487 τὸ
775 3421 902 3503 θέατρον
926 3415 1129 3500 afflixerant,
1159 3416 1220 3487 tali
1247 3415 1401 3487 remedio
1420 3441 1507 3512 opus
1525 3425 1598 3488 erat

422 3541 461 3603 ut
489 3532 601 3627 gravis
627 3532 736 3604 animi
765 3532 906 3604 effectus
934 3533 969 3603 in
999 3532 1172 3604 levitatem
1187 3532 1231 3604 ad
1246 3532 1430 3603 carchiunos
1445 3532 1597 3603 edendos

421 3658 577 3745 paratam
604 3652 902 3720 commutaretur?
943 3648 1116 3743 Equidem
1144 3649 1282 3720 credere
1310 3673 1456 3744 nequeo.
1499 3647 1598 3737 Quid

421 3763 552 3860 igitur?
593 3764 630 3835 Si
671 3764 758 3860 quid
799 3764 900 3837 video
941 3764 1164 3836 Hermannns
1204 3765 1441 3860 (quaestionem
1468 3763 1597 3835 solvere

422 3888 566 3953 conatus
593 3889 654 3965 est,
684 3906 773 3976 quae
803 3881 935 3952 nullam
963 3880 1170 3952 solutionem
1199 3881 1361 3977 postulet,
1391 3880 1476 3951 dum
1492 3879 1596 3952 nrodo

421 4022 466 4069 ne
505 3997 659 4092 antiquis
699 3997 970 4069 Atheniensibus
1010 4007 1144 4069 nostros
1184 4022 1302 4068 sensus
1342 3996 1596 4092 sententiasque

421 4120 554 4186 nostras
595 4112 835 4186 obtrudamus.
879 4114 1007 4184 Sumus
1047 4113 1141 4184 enim
1169 4113 1293 4185 nmtati
1321 4112 1365 4184 ab
1394 4112 1470 4196 illis,
1500 4112 1596 4208 quod

421 4229 538 4303 statim
565 4229 795 4327 persentimus
822 4229 966 4301 simulac
993 4230 1153 4325 antiquas
1171 4228 1304 4300 fabulas
1318 4237 1430 4301 nostra
1447 4229 1481 4300 in
1496 4254 1598 4300 scena

421 4345 617 4442 aspicimus.
648 4348 704 4417 An
731 4347 819 4417 forte
847 4371 963 4417 censes
990 4346 1159 4417 hodierno
1178 4345 1309 4417 auctori
1326 4344 1596 4430 „Prometheum

420 4461 631 4561 aamercort?
659 4460 807 4534 scribere
834 4461 868 4534 in
897 4471 1049 4534 mentem
1077 4461 1192 4534 venire
1220 4487 1330 4558 posse,
1359 4471 1503 4559 putasne
1531 4460 1596 4532 hoc

398 4576 601 4681 ,naculum
640 4586 718 4675 post
757 4603 845 4675 opus
886 4578 988 4674 quale
1015 4588 1066 4650 est
1093 4578 1251 4676 Oedipus
1277 4579 1353 4650 Rex
1383 4577 1435 4649 vol
1462 4576 1597 4650 Orestia
