3704 5484
975 506 1046 575 lll

422 715 472 787 VI
503 720 548 789 31
580 716 1065 789 emendavitValckenaerius
1092 716 1218 806 (Diatr.
1256 721 1332 806 12),
1362 717 1423 813 qui
1439 717 1490 788 vir
1507 742 1601 813 saga·

424 832 582 905 cissimus
609 833 730 929 fragm.
761 857 901 929 quoque
931 836 1005 904 922
1035 832 1172 922 (Dind.)

667 975 741 1055 οἴμοι
765 976 876 1055 δράκων
901 1000 958 1054 μου
982 976 1122 1054 γίγνεται(
1145 977 1213 1054 τόγ’
1231 975 1331 1055 ἥμισυ·

665 1093 774 1165 τέκνον,
799 1091 1006 1172 captat->dandi
1030 1094 1071 1172 τῷ
1095 1095 1187 1173 λοιπῷ
1211 1094 1313 1173 carpi.

421 1217 466 1290 ad
493 1218 582 1290 hanc
609 1218 763 1290 fabulam
791 1218 960 1291 referebat
978 1217 1162 1291 adiiciens:
1188 1218 1282 1303 „illic
1302 1218 1436 1291 nullam
1455 1219 1600 1316 quidem

422 1335 556 1407 Rhetor
589 1335 829 1430 Hermogenes
863 1334 987 1407 Cadmi
1016 1334 1097 1407 facit
1125 1335 1338 1407 mentionem
1367 1335 1426 1407 sed
1456 1361 1490 1432 p.
1523 1339 1599 1408 484

422 1451 476 1522 sui
511 1450 624 1547 operis
659 1459 793 1536 Κάδμος,
829 1451 958 1547 inquit,
993 1459 1104 1539 δράκων
1138 1458 1256 1537 ἐγένετο
1289 1459 1323 1536 ἕξ
1354 1458 1522 1540 ἀνθρώπου.
1556 1453 1601 1523 Et

422 1591 475 1638 res
502 1567 682 1639 manifesta
709 1575 770 1652 est,
801 1567 991 1664 Euripidea
1010 1567 1169 1663 quinimo
1189 1567 1365 1665 spectabat
1384 1566 1486 1640 Ovid.
1510 1569 1598 1640 Met.

423 1682 473 1753 lV
506 1686 599 1756 584:

1165 1801 1226 1874 Me
1253 1809 1357 1895 tange
1386 1825 1599 1896 manumque

421 1914 539 2011 accipe
567 1915 653 1987 dum
688 1942 812 1988 manus
827 1925 889 2001 est,
906 1916 992 1987 dum
1007 1942 1077 1988 non
1096 1925 1212 1989 totmn
1230 1925 1376 2012 occupat
1391 1917 1541 2012 anguis''
1562 1913 1598 2005 1).

477 2094 575 2166 Haec
606 2093 724 2166 fabula
758 2119 838 2166 cum
871 2102 952 2166 ante
990 2094 1141 2166 Bacchas
1176 2103 1263 2166 esset
1298 2094 1412 2179 docta,
1442 2093 1491 2166 nil
1519 2094 1600 2166 novi

424 2211 467 2282 de
503 2210 635 2283 Cadmo
670 2210 855 2307 Euripides
889 2211 1142 2307 spectatoribus
1177 2236 1315 2283 narrare
1350 2219 1497 2307 poterat,
1537 2236 1600 2282 nec

423 2326 607 2400 verisimile
649 2326 753 2411 duco,
796 2352 877 2399 eum
919 2327 1097 2398 materiam
1139 2335 1212 2398 tota
1252 2326 1369 2399 fabula
1404 2327 1596 2423 expositam

424 2443 541 2516 denuo
568 2442 604 2515 in
634 2443 847 2515 Baccharum
875 2443 944 2514 fine
973 2443 1156 2528 recoxisse;
1186 2443 1246 2514 scd
1267 2443 1423 2514 falsarius
1441 2443 1523 2514 inde
1543 2442 1601 2515 de·

424 2560 571 2656 sumpsit
589 2584 678 2655 quae
697 2585 785 2655 opus
812 2569 920 2643 crant,
951 2559 1062 2631 multa
1090 2559 1133 2632 de
1157 2584 1221 2631 suo
1240 2558 1380 2630 addidit
1398 2583 1462 2631 nec
1481 2559 1601 2631 vitavit

424 2701 645 2748 communem
682 2675 898 2748 imitatorum
932 2675 1134 2771 scopulum,
1172 2675 1233 2770 qui
1269 2675 1422 2771 exempli
1457 2676 1601 2748 virtutes

425 2792 574 2864 nimium
608 2791 771 2864 sectando
805 2791 968 2863 sublimia
999 2792 1036 2863 in
1068 2791 1216 2864 ridicula
1251 2799 1396 2863 vertant.
1427 2791 1521 2863 Hinc
1549 2791 1599 2863 in·

424 2916 545 3005 eptum
582 2908 773 2992 oraculum,
803 2908 884 2980 hinc
911 2934 1024 3004 poena
1057 2907 1193 2992 Cadmi,
1229 2906 1273 2979 de
1309 2932 1379 3003 qua
1413 2932 1524 3004 usque
1552 2908 1598 2980 ad
1659 2946 1662 2953 ·

426 3049 586 3120 magnam
621 3023 782 3096 lacunam
828 3023 946 3096 nullus
978 3025 1087 3096 lector
1120 3049 1163 3095 ne
1207 3023 1393 3095 somniarat
1441 3023 1597 3120 quidem.

426 3141 517 3212 Nam
552 3140 633 3213 licet
670 3165 773 3212 senex
806 3148 866 3229 (vs.
910 3144 1031 3229 1313)
1069 3165 1278 3236 magnopore
1311 3149 1480 3225 vereatur,
1510 3166 1553 3212 ne
1581 3166 1600 3211 c

425 3256 536 3354 patria
562 3256 710 3340 excidat,
739 3257 843 3329 verba
870 3257 944 3329 eius
972 3257 1166 3329 luculenter
1194 3255 1332 3340 docent,
1354 3282 1422 3327 non
1456 3266 1599 3352 aparte

426 3373 553 3445 Bacchi
594 3397 675 3444 eum
716 3372 781 3444 sibi
818 3382 983 3458 metuere,
1013 3373 1073 3445 sed
1101 3372 1145 3444 ab
1172 3372 1323 3444 inimic-is
1351 3398 1420 3444 non
1449 3372 1600 3469 amplius

426 3488 572 3561 Penthei
599 3488 680 3561 lorti
707 3515 813 3561 manu
842 3490 1008 3561 coercitis.
1040 3535 1090 3541 —

479 3605 547 3676 Sed
581 3606 664 3677 haec
698 3605 842 3701 quidem
878 3606 1057 3689 hactenus,
1093 3604 1232 3676 videant
1261 3603 1304 3676 dc
1332 3605 1396 3675 hac
1424 3630 1460 3676 re
1490 3612 1528 3676 ut
1556 3602 1600 3675 dc

426 3722 547 3793 ceteris
572 3722 632 3792 alii
661 3721 898 3817 melioresque.
930 3723 1004 3816 Ego
1031 3732 1149 3793 autem
1178 3731 1258 3817 peto
1277 3747 1296 3792 a
1311 3720 1419 3806 vobis,
1441 3719 1601 3792 benevoli

426 3838 580 3922 lectores
614 3846 666 3922 nt,
699 3839 727 3909 si
760 3839 796 3909 in
828 3838 881 3909 his
917 3838 1020 3909 rebus
1051 3836 1238 3909 tractandis
1276 3861 1528 3932 nonnunquam
1564 3836 1600 3908 in

426 3979 578 4026 errorem
592 3953 710 4039 incidi,
734 3953 974 4026 benovolentia
987 3962 1097 4026 vestm
1112 3953 1325 4023 voluntatem
1340 3962 1374 4024 et
1390 3952 1599 4023 industrium

427 4095 539 4141 rrrearn
566 4095 754 4163 agnoscens
782 4069 857 4141 lene
886 4068 929 4140 de
957 4069 1119 4167 primitiis
1137 4067 1600 4140 rnoislittomriisiudicium

430 4189 589 4282 proferat.

427 4339 488 4346 ’-
504 4340 640 4347 ..---—

466 4396 486 4467 ¹)
505 4398 684 4472 Apollodorus
700 4398 843 4468 epitomum
862 4396 982 4448 navarit
1000 4394 1046 4448 Ill
1064 4396 1090 4463 ι’),
1103 4395 1128 4449 4.
1150 4395 1274 4466 Vestipia
1287 4395 1416 4449 dramatis
1428 4395 1601 4466 reperiuntur

427 4478 520 4550 Etym.
541 4481 630 4548 Magn.
649 4497 705 4534 nv.
726 4484 816 4536 Βουὲόη
835 4481 861 4528 et
880 4476 950 4546 apud
970 4476 1096 4530 Philostr.
1116 4476 1201 4543 Inrag.
1223 4477 1231 4529 l
1256 4479 1297 4530 18.
