3398 5438
823 445 869 515 78

257 657 368 754 patiar
401 681 471 752 quo
507 655 684 750 tragoedia
717 655 791 752 ipsa
822 681 876 727 me
905 663 1013 738 vocet,
1044 679 1248 750 cognoscere
1278 653 1430 726 conabor

259 773 462 869 Euripidem
489 798 530 843 ex
560 771 727 868 Euripide
755 772 841 868 ipso.

312 888 475 960 Diverbia
502 888 608 983 igitur
636 897 669 959 et
697 889 830 959 cantica
857 889 1088 984 exploremus,
1117 912 1161 959 an
1181 887 1268 958 forte
1292 886 1430 982 Euripi-

259 1005 312 1076 dis
352 1004 520 1076 sententia
547 1003 602 1075 hie
629 1003 700 1075 illie
734 1003 959 1088 transluceat3
991 1013 1024 1075 et
1052 1003 1218 1099 quoniam
1246 1002 1341 1074 luere
1369 1001 1431 1097 qui

258 1121 293 1191 iu
336 1120 459 1193 Cadmi
499 1119 718 1217 'l'iresiaeque
760 1119 872 1191 verbis
908 1128 1060 1191 mentem
1089 1126 1210 1216 poetae
1239 1118 1430 1214 perspicere

258 1232 323 1308 sibi
356 1235 567 1319 viderentur,
598 1244 677 1306 ante
712 1235 829 1307 onmia
855 1236 1034 1307 videamus
1061 1234 1190 1331 quibus
1218 1234 1431 1330 argumentis

259 1378 382 1423 novam
409 1351 613 1446 religionem
640 1360 759 1422 eontra
787 1351 932 1424 Penthei
951 1351 1095 1423 crimina
1114 1350 1303 1423 defendant
1321 1375 1428 1432 aenea,

259 1468 435 1563 quomodo
465 1465 589 1538 Bacchi
616 1466 833 1539 divinitatem
861 1492 975 1539 eoram
1004 1492 1084 1562 rege
1112 1466 1321 1563 praedicent.

312 1586 437 1678 Augur
463 1583 657 1679 triplicibus
684 1583 847 1655 laudibus
875 1583 981 1655 deum
1010 1582 1162 1655 extollit:

315 1701 514 1795 „Dionysus
542 1699 662 1770 vinum
689 1699 821 1771 invenit
848 1699 1116 1795 hominibusque
1144 1698 1296 1779 donavit,
1328 1706 1366 1769 ut
1390 1723 1430 1769 eo

259 1815 393 1888 dolores
433 1816 593 1898 lenirent,
637 1814 724 1886 vitae
765 1840 1010 1887 aerumnarum
1052 1815 1269 1887 immemores
1295 1815 1429 1898 fierent,

258 1931 435 2004 laboribus
461 1931 708 2003 mederentur”
729 1939 788 2020 (vs.
817 1935 902 2005 278.
927 1934 1028 2020 283).
1059 1931 1205 2003 Horatio
1226 1956 1306 2002 sane
1325 1929 1432 2025 digna

259 2048 373 2132 verba,
414 2055 450 2119 at
491 2047 629 2118 irriseret
669 2047 855 2142 gmndaevi
898 2056 1031 2143 poetae,
1060 2047 1088 2119 si
1117 2045 1182 2118 sub
1209 2047 1313 2119 linem
1341 2047 1457 2130 vitae,

259 2163 940 2236 sublimibusmeditationibusintentae
961 2163 1029 2234 hue
1049 2163 1187 2235 ‹leveuit
1208 2172 1246 2235 ut
1265 2162 1430 2259 poculum

261 2281 423 2352 ultimum
452 2279 581 2350 doloris
608 2279 782 2375 refugium
810 2279 996 2351 indicaret!

316 2398 387 2481 „At
420 2396 524 2467 etiam
557 2404 666 2481 μάντις
698 2407 748 2467 est
779 2396 976 2491 l)i‹mpsus''
1006 2404 1065 2485 (vs.
1099 2400 1199 2483 atta).
1249 2396 1429 2491 Epitheton

260 2511 372 2584 laudis
413 2511 555 2608 plenum
596 2512 624 2582 si
664 2511 807 2605 auguris
846 2537 904 2583 ore
942 2513 1126 2608 profertur,
1166 2510 1225 2582 sed
1254 2511 1432 2606 Euripidis

260 2628 483 2725 opinionibus
511 2628 626 2699 mimis
653 2636 934 2722 consentaneum.

315 2743 475 2839 Denique
520 2744 718 2839 „Dionysus
759 2752 809 2815 est
851 2743 937 2815 deus
977 2744 1038 2839 qui
1068 2753 1193 2817 narratu
1217 2752 1308 2828 terea
1343 2744 1431 2815 exei-

260 2869 332 2932 tare
368 2861 505 2957 potest''
534 2867 593 2949 (vs.
627 2864 727 2949 304).
786 2859 891 2949 Quod
925 2869 1171 2955 argumentum
1205 2859 1298 2930 uude
1330 2869 1432 2955 poeta

260 2975 419 3073 petiverit
447 3001 527 3047 eum
557 2976 712 3047 Bruhnio
742 2977 872 3060 nesci03
903 2984 983 3048 utut
1012 2975 1048 3047 id
1077 2984 1139 3060 est,
1168 2975 1237 3046 vim
1257 2975 1360 3047 habet
1379 2973 1431 3046 vel

261 3091 386 3163 habere
414 3101 525 3187 potest
542 3092 578 3162 in
600 3117 634 3163 re
654 3092 806 3176 mil-itari,
828 3093 958 3164 nullam
981 3118 1061 3164 vero
1081 3091 1175 3188 apud
1198 3091 1430 3188 philosophae,

261 3209 417 3281 homines
444 3233 548 3303 (luam
578 3208 725 3279 maxime
753 3236 773 3279 a
804 3210 914 3281 Marte
942 3208 1082 3281 alienes.

315 3325 479 3420 Sequitur
519 3330 579 3412 (vs.
625 3327 804 3420 3l9sqq.)
849 3334 1115 3420 „argmnentum
1157 3323 1201 3396 ad
1229 3325 1430 3396 homiuem'

261 3439 450 3512 admodum
478 3440 656 3511 ieiunum:
680 3448 755 3528 „tn‚
777 3441 946 3523 Penthea,
968 3441 1100 3513 laudari
1119 3441 1261 3536 gendes,
1288 3450 1431 3536 putesne

261 3556 361 3627 illum
384 3555 505 3626 -mimm
532 3580 637 3650 (pann
666 3565 698 3627 te
728 3556 916 3627 honoribus
943 3557 1107 3629 oblectari
1118 3558 1157 3628 ?”

317 3671 406 3760 Quis
432 3679 494 3754 est,
524 3671 584 3767 qui
612 3680 689 3766 post
716 3672 799 3743 talia
827 3683 962 3768 poetam
980 3674 1094 3770 ipsum
1115 3673 1180 3744 suh
1198 3674 1340 3769 auguris
1358 3698 1432 3769 per·

263 3813 346 3858 sona
373 3790 539 3882 quaerat?

321 3903 452 3974 Festive
488 3929 566 3974 vero
601 3904 793 3999 patrocinio
828 3905 987 3997 iungitur
1021 3906 1183 3989 Cadusiis,
1213 3907 1316 3977 homo
1346 3908 1432 3979 miro

263 4019 414 4114 quodam
433 4019 589 4090 allinium
611 4045 727 4090 amore
747 4020 911 4115 llagrans;
929 4022 986 4093 eui
1002 4022 1127 4093 Bacchi
1155 4022 1317 4094 (livinitus
1345 4024 1432 4094 hane

264 4135 461 4231 praesertim
503 4136 548 4205 ob
585 4160 721 4206 reclusam
750 4138 967 4230 agnoscenda
996 4138 1142 4221 videtur,
1172 4138 1268 4234 quod
1295 4139 1432 4232 cognati

264 4251 345 4322 iude
374 4276 441 4322 non
472 4276 613 4347 parrum
644 4252 808 4323 herimum
838 4255 971 4324 nacturi
999 4254 1077 4325 siut.
1113 4252 1203 4326 lline
1232 4281 1276 4326 vs.
1313 4259 1402 4326 181:

464 4384 511 4446 δεῖ
529 4383 587 4462 γάρ
612 4409 660 4451 νιν,
686 4385 756 4448 iura
780 4387 883 4450 πκῖδκ
907 4385 1060 4466 &up-arpis
1084 4387 1117 4455 ἑὲ
1142 4390 1232 4465 ἐμῆς,

465 4487 526 4554 ἴσον
550 4487 625 4553 κεῖθ’
657 4493 737 4567 ἡμεῖς
762 4493 893 4561 aevaeo,
918 4493 1069 4569 adgesta
1094 4496 1205 4571 ulyxe.
