3704 5484
904 489 952 558 39

340 703 385 775 ad
426 728 515 798 quae
557 701 735 772 annotavit
778 700 998 772 Plutarchus:
1043 709 1088 782 τίς
1127 709 1186 787 γὰρ
1218 708 1310 787 εἴρηκε
1334 717 1386 781 τῆς
1412 707 1517 770 {aava

341 827 485 907 πκτρίόσς
509 828 655 903 ἐγκώμιον
679 832 805 890 τοιοῦτον
829 819 882 889 οἷον
906 825 1085 904 Εὐρεπίδηςς
1110 841 1243 888 necnon
1260 825 1345 888 teste
1361 815 1517 912 pulcher·

341 935 428 1007 rima
456 935 704 1007 exclamatione
733 934 787 1023 (fr.
819 937 892 1005 :nn
911 959 958 1005 vs.
979 937 1058 1022 53):

541 1092 561 1159 ὦ
585 1096 703 1174 exepla,
727 1092 792 1158 εἴθε
816 1093 928 1167 πάντες
951 1089 976 1159 οἳ
998 1093 1163 1158 calceolos

539 1209 611 1276 οὕτω
635 1217 749 1292 φιλοῖεν
772 1215 809 1285 ὡς
833 1212 902 1288 ἐγώ·
927 1213 978 1275 val
1002 1210 1104 1293 ῥαδίως

539 1329 664 1406 οἰκοῖμεν
689 1326 724 1392 ἴεν
748 1353 781 1391 σε
805 1327 904 1392 κούδὲν
929 1327 964 1392 lev
988 1326 1122 1406 πάσχοις
1145 1327 1246 1391 κνκέν.

392 1472 603 1545 Sententiam
633 1498 732 1544 snam
760 1472 803 1544 de
831 1472 935 1544 exilio
957 1471 1120 1544 'elocntns
1148 1478 1220 1544 cr'at
1249 1472 1515 1543 Phoenissarnm

339 1589 493 1662 versibus
521 1593 611 1679 (388
628 1595 713 1684 sq.):

339 1750 428 1823 loe:
531 1758 563 1821 τί
584 1759 617 1822 τὸ
641 1755 803 1837 calcandae
826 1757 984 1837 πντρίόες,
1009 1753 1025 1830 ἦ
1050 1759 1140 1821 xxxiv
1164 1757 1270 1835 μένεις

340 1866 432 1938 Pol:
530 1875 684 1952 μέγιστον·
710 1872 784 1954 ἔργῳ
808 1874 899 1938 δ’ἐστὶ
923 1872 1025 1952 μεῖζον
1050 1873 1065 1948 ἢ
1090 1873 1170 1954 λόγῳ
1193 1899 1222 1938 ν.
1237 1897 1265 1936 τ.
1280 1889 1310 1937 λ.

337 2053 356 2098 0
384 2027 512 2122 quibus
540 2026 648 2098 cnivis
676 2026 856 2123 apparebit
883 2026 987 2098 talem
1016 2026 1194 2097 hominem
1222 2051 1291 2096 non
1328 2025 1438 2096 levem
1467 2025 1512 2095 oh

338 2168 476 2214 cansam
503 2143 616 2214 solum
644 2142 710 2214 sihi
736 2142 939 2214 adamatam
967 2143 1154 2238 reliquisse.

391 2259 580 2355 Suspiceris
607 2259 746 2331 fortasse
774 2259 871 2330 clade
899 2258 1016 2330 denuo
1043 2259 1080 2330 in
1105 2284 1205 2330 scena
1224 2267 1364 2355 accepta
1384 2258 1510 2330 iratam

337 2375 542 2471 Euripidem
569 2402 612 2446 ex
641 2375 756 2447 Attica
784 2376 988 2472 profectum.
1020 2375 1139 2471 Specie
1159 2401 1227 2446 non
1243 2383 1335 2447 caret
1349 2374 1510 2470 suspicio,

337 2516 426 2586 (prae
453 2500 568 2563 tamen
597 2492 712 2564 statim
741 2492 923 2575 evanescit,
953 2517 1031 2563 narn
1061 2491 1096 2562 in
1121 2491 1263 2575 Orestia,
1285 2490 1427 2563 ultimae
1445 2499 1511 2561 tra-

336 2607 492 2702 goediac,
535 2607 716 2704 hypothesi
758 2607 861 2679 verba
901 2607 1085 2702 leguntur:
1128 2617 1162 2679 τὸ
1194 2615 1297 2694 opaca
1326 2611 1511 2688 11111νὲ11

336 2741 440 2806 σκηνῆς
464 2731 701 2808 calcatorem.
740 2724 775 2794 Si
804 2748 883 2794 vero
911 2724 1017 2795 etiarn
1044 2723 1195 2806 dubitas,
1225 2722 1355 2820 inspice
1383 2747 1510 2818 quaeso

337 2840 468 2912 Orestis
494 2842 611 2923 linem,
641 2839 702 2911 uhi
730 2849 846 2937 poeta:

536 3006 556 3073 ὦ
581 3009 668 3087 μέγα
691 3011 784 3087 σεμνὴ
810 3009 898 3084 Νίκη,
924 3010 972 3073 τὸν
996 3011 1066 3086 ἐμὶν

502 3113 506 3126 ’
535 3126 634 3203 1311111
658 3126 803 3205 κντέχεις
826 3127 877 3190 val

536 3244 578 3319 μὴ
604 3245 706 3320 λήγεις
730 3248 936 3322 ετεφκννῡεκ.

386 3403 510 3475 'noina
538 3405 621 3476 hacc
650 3403 753 3476 verba
780 3403 898 3477 afflicti
927 3404 1077 3476 hominis
1105 3403 1218 3499 dequo
1245 3403 1349 3475 rohas
1381 3405 1508 3476 laturis

334 3519 433 3616 plano
462 3520 674 3617 despoliantis
701 3520 890 3593 videntur?
920 3521 1002 3592 Non
1023 3520 1139 3604 cred0,
1156 3521 1356 3617 praesertim
1372 3521 1398 3592 si
1415 3521 1506 3593 hisce

334 3636 491 3732 perlectis
519 3637 646 3709 evolvis
673 3637 815 3709 ultimos
843 3637 1006 3709 Herculis
1033 3661 1161 3721 versus,
1192 3636 1252 3709 nbi
1281 3637 1389 3734 ipsius
1411 3638 1507 3709 llari·

334 3751 425 3848 pidis
452 3753 627 3825 tristitiam
655 3753 809 3850 produnt
836 3761 918 3824 nota
945 3753 1022 3824 illa:

534 3915 698 3993 στείχομεν
723 3915 825 3994 ciarpcl
849 3914 899 3978 axi
924 3915 1127 3978 condemnarer

535 4030 576 4094 ric
600 4031 737 4107 μέγισται
760 4032 857 4111 φίλων
881 4032 1049 4103 ὀλέσαντες.
1088 4021 1192 4112 (Vide
1209 4021 1348 4093 Wilanr.
1366 4022 1410 4094 ad
1426 4022 1505 4113 loc.)

389 4183 508 4254 Restat
543 4192 582 4255 nt
609 4208 788 4254 sunrarnns
816 4208 931 4255 rorum
960 4183 1180 4280 publicarum
1209 4183 1403 4255 calamitate
1431 4209 1505 4280 pcr-

333 4298 467 4370 cnlsrnn
510 4299 620 4395 patria
661 4325 740 4370 011111
784 4300 939 4384 cessisse
970 4310 1005 4370 et
1032 4300 1165 4396 Sandys
1192 4309 1283 4372 certe
1310 4299 1356 4372 ad
1384 4299 1505 4372 incitas

333 4414 492 4487 redactas
533 4415 601 4487 hnc
642 4416 811 4511 confugit,
854 4426 1023 4489 armotans
1063 4418 1097 4489 in
1140 4416 1293 4489 editione
1335 4443 1396 4489 sna
1424 4442 1501 4513 pag.

334 4531 518 4604 xxxin:
552 4531 619 4616 „he
649 4557 718 4603 was
745 4558 857 4629 neary
887 4535 1032 4632 perhaps
1060 4535 1099 4605 ol
1109 4534 1276 4607 domestic
1290 4534 1502 4617 discomlort,
