3704 5484
389 1541 526 1612 Primus
545 1548 716 1635 quautnru
736 1539 806 1610 seio
821 1539 883 1634 qui
896 1538 1081 1632 'Pyrwlritti
1100 1539 1307 1610 sententiani
1326 1538 1509 1634 impugna·

333 1656 632 1751 rit,Ha1·tungins
652 1655 730 1739 luit,
751 1655 812 1752 qui
832 1655 939 1750 spisso
959 1654 1048 1726 libro
1067 1654 1268 1751 Euripidem
1289 1655 1380 1726 iusto
1395 1655 1507 1750 pretio

333 1772 512 1845 aestimare
547 1782 581 1843 ot
618 1780 738 1843 contra
769 1771 906 1843 criticos
936 1796 1115 1867 nunquarn
1146 1796 1214 1842 non
1246 1779 1382 1867 poetarn
1413 1771 1508 1867 parvi

333 1889 496 1961 facientes
523 1888 697 1960 vindirnre
726 1897 871 1959 conatus
898 1896 958 1959 est.
992 1887 1116 1983 Neque
1145 1886 1320 1958 laudabile
1341 1912 1507 1959 conamen

333 2005 378 2076 ad
406 2004 543 2076 irritnrn
572 2003 708 2088 occidit,
739 2004 849 2075 inulta
876 2012 966 2076 recte
995 2002 1197 2086 observavit,
1227 2012 1332 2098 atque
1361 2002 1408 2074 ita
1436 2002 1510 2074 lite·

336 2121 380 2192 ris
421 2120 598 2193 rnandavit
640 2129 679 2192 nt
720 2120 856 2191 vividus
897 2119 1073 2216 Euripidis
1107 2144 1203 2190 arnor
1239 2118 1320 2190 inde
1361 2119 1506 2190 eluceat.

335 2237 479 2334 Scripsit-
512 2263 543 2308 v.
575 2237 608 2308 d.
649 2237 730 2308 Eur.
771 2237 865 2308 llcst.
905 2237 941 2307 ll
981 2240 1072 2307 542:
1134 2234 1279 2319 „Mirati
1321 2244 1402 2306 sunt
1434 2235 1510 2331 qni·

335 2353 414 2424 darn
450 2353 545 2449 quod
582 2379 601 2424 a
635 2352 761 2424 Bacchi
788 2352 945 2449 partibus
974 2351 1167 2448 Euripides,
1197 2351 1332 2434 doetus,
1362 2351 1507 2447 sapiens,

334 2495 541 2564 severusque
567 2494 669 2540 senex
698 2469 862 2540 stetisset:
894 2493 956 2540 nec
985 2468 1183 2552 defuerunt,
1213 2467 1275 2564 qui
1294 2493 1375 2539 cunr
1394 2466 1509 2539 crede·

241 2590 243 2596 ’
337 2595 412 2658 rent
440 2594 573 2658 inutrrta
600 2585 781 2669 sententia,
811 2611 892 2656 curn
921 2585 988 2657 iarn
1018 2593 1165 2657 niortcrn
1184 2583 1250 2654 sibi
1269 2583 1417 2655 vicinarn
1438 2609 1509 2656 esse

335 2702 554 2796 intelligeret,
585 2702 695 2773 colere
722 2728 762 2773 ac
790 2701 962 2773 celelnarc
989 2701 1083 2786 deos,
1109 2727 1196 2797 ‹lnos
1214 2710 1316 2772 antea
1334 2709 1509 2797 ooutcrnp-

246 2825 250 2837 '
335 2819 443 2902 sisset,
472 2817 660 2890 decrevisse
688 2845 727 2890 ac
755 2818 941 2890 defendere
969 2817 1065 2913 vulgi
1092 2817 1284 2913 opiniones
1305 2818 1509 2889 confirmare

335 2935 606 3031 superstitiones,
635 2961 721 3031 ‹pnas
747 2934 924 3031 ‹proiulanr
953 2934 1087 3005 iuvenis
1114 2934 1361 3032 impugnasset:
1399 2937 1446 3005 nt
1472 2934 1509 3005 hi

325 3052 364 3122 ¹si
402 3051 510 3145 inagis
537 3050 622 3146 quid
653 3052 805 3122 cannina
839 3050 1011 3146 Euripidis
1039 3050 1203 3122 docerent
1231 3050 1374 3122 serutari
1404 3075 1508 3146 (luant

336 3167 421 3264 qnid
455 3167 518 3264 ipsi
551 3167 776 3264 opinarentur
809 3167 945 3238 effutire
975 3166 1172 3249 voluissent,
1202 3165 1348 3238 eundern
1376 3177 1509 3237 senteu-

336 3284 417 3355 tianr
447 3284 606 3355 invenero
635 3292 740 3379 atque
767 3309 882 3355 senoni
913 3283 1064 3379 profiteri
1094 3282 1350 3354 intellexissent.
1381 3282 1510 3353 Sinrilis
1611 3314 1614 3318 ’

253 3411 257 3421 “
336 3400 428 3471 enirn
471 3424 573 3470 cansa
609 3399 789 3495 llippolyti
822 3407 926 3496 lupe
966 3399 1106 3470 l'cutliei
1143 3408 1204 3483 cst,
1234 3398 1355 3470 sirnilis
1383 3398 1509 3469 llacclri

336 3525 440 3612 atque
483 3516 627 3587 Veneris
670 3514 767 3599 ultis,
803 3515 1020 3612 eaudeuupre
1049 3515 1119 3587 lere
1146 3515 1352 3586 sententiani
1388 3515 1420 3585 in
1450 3514 1510 3585 illa

332 3623 454 3704 'fabula
481 3632 615 3704 satelles
642 3633 755 3703 senior
782 3631 816 3702 in
848 3632 910 3703 liae
937 3632 1084 3703 'l'iresias
1110 3640 1203 3703 vates
1231 3631 1462 3703 defendunt.”

390 3749 508 3844 Pergit
531 3758 679 3821 sudor:
722 3757 936 3844 „utrunnpre
965 3748 1117 3843 deniqne
1144 3773 1281 3819 currnen
1310 3747 1410 3819 docet
1438 3772 1508 3817 csse

338 3863 563 3961 popularibus
590 3864 656 3935 diis
685 3865 830 3936 honores
858 3864 1027 3936 soleinnes
1055 3864 1118 3935 rite
1148 3863 1390 3961 liersolvendos

560 4069 693 4139 repaire
717 4058 737 4124 ὦ
761 4069 823 4124 arxi
841 4061 984 4137 δκιμένων
1008 4058 1144 4140 χρῆσθκι
1167 4061 1271 4139 χρεών.

338 4268 450 4339 neque
493 4242 662 4313 l'enerern
696 4251 730 4313 et
767 4240 937 4312 Euiurlnuu
975 4220 1192 4338 voluptatuni
1230 4238 1507 4310 dulcissiruarnrn

337 4367 494 4430 arrotores
522 4368 555 4430 ot
584 4358 815 4430 rernediorunr
848 4357 1011 4428 nroeroris
1031 4356 1240 4454 praebitores
1258 4354 1507 4453 spernendos.”

391 4478 505 4550 (lirani
542 4475 746 4546 sententiani
781 4483 919 4546 secutus
954 4485 1005 4545 est
1036 4500 1066 4545 v.
1105 4473 1138 4544 d.
1173 4472 1305 4568 'l'yrrell
1340 4471 1508 4561 (llaechae

340 4593 422 4690 prel'.
461 4590 581 4679 XVl):
629 4591 710 4676 „llic
748 4590 960 4689 Hippolytus
993 4618 1029 4662 us
1067 4589 1143 4663 well
1178 4615 1214 4662 as
1255 4588 1313 4662 the
1355 4589 1508 4661 Bacchae
