3398 5438
837 504 885 575 82

268 717 508 816 prosternitur,
553 725 657 813 atque
689 717 738 790 ita
766 725 805 788 ut
831 742 1009 813 resurgere
1044 726 1205 813 nequeat,
1240 718 1335 791 dieto
1370 719 1448 816 pul·

268 835 455 907 cherrima:

467 1013 557 1092 ὀργὰς
581 1013 686 1093 πρέπει
709 1009 796 1086 θεοὺς
820 1013 878 1090 οὐχ
902 1009 1078 1087 ὁμοιοῦσθαι
1104 1012 1228 1093 βροτοῖς.

267 1175 396 1271 quibus
440 1175 558 1271 paucis
599 1174 711 1246 verbis
750 1173 928 1269 Euripidis
962 1198 981 1244 e
1015 1173 1118 1245 eorde
1153 1173 1236 1244 ortis
1271 1173 1358 1246 deus
1395 1184 1446 1247 est

266 1294 520 1373 coadorantes,-
561 1291 703 1362 tollatur
744 1288 851 1384 igitur
887 1289 1061 1373 aulaeum,
1090 1288 1133 1361 de
1163 1290 1298 1361 Baocho
1325 1291 1444 1362 aetum

265 1409 333 1479 est!
363 1432 432 1479 non
460 1408 552 1479 eninr
580 1407 647 1478 nisi
674 1405 826 1476 ridentes
853 1405 1016 1477 audimus
1042 1405 1204 1477 ultiruuur
1225 1405 1446 1479 desendeutis

265 1549 300 1594 se
329 1523 554 1596 versieuluru:

488 1709 587 1775 adam
611 1709 686 1774 τάδε
708 1708 781 1782 Ζεὺς
804 1709 892 1785 rophe
916 1708 1067 1772 ἐπένευσεν
1093 1710 1202 1789 πατήρ.

320 1872 429 1943 Docet
457 1872 623 1943 uiuriruur
649 1870 699 1954 id,
728 1870 824 1967 quod
851 1871 921 1941 iaru
949 1869 1010 1940 diu
1026 1870 1188 1966 suspicati
1208 1896 1356 1955 eraurus,
1377 1882 1442 1944 ter-

264 1986 400 2058 ribilour
441 1988 540 2059 illurn
582 1994 651 2059 θεόν
685 1985 788 2057 fuisse
816 1994 1049 2077 erupturam
1078 1986 1229 2080 tragicus
1256 1986 1321 2059 hoe
1348 2013 1442 2084 spee-

264 2110 391 2174 tatores
418 2102 527 2176 eelare
556 2104 698 2175 uriniure
726 2102 847 2173 voluit.

318 2219 396 2291 Hoe
436 2220 543 2315 igitur
584 2220 673 2304 dieu,
717 2227 853 2314 poetaru
888 2218 944 2290 hio
979 2226 1018 2288 ut
1045 2218 1181 2314 saepius
1209 2220 1367 2314 urythuur
1405 2221 1440 2292 iu

263 2335 460 2429 tragoediae
501 2336 645 2407 ferruaru
673 2334 857 2430 redegisse,
893 2334 993 2405 ouius
1020 2334 1217 2429 primariam
1246 2362 1438 2432 personam,

263 2449 369 2522 deuur
410 2451 626 2548 Olympium,
664 2449 763 2522 nihili
791 2450 952 2534 (lucebat,
983 2450 1088 2521 iuuuo
1117 2476 1221 2546 quoru
1250 2453 1277 2522 si
1306 2463 1438 2526 exstare

262 2567 473 2652 credidisset,
503 2569 598 2639 oruui
626 2576 763 2664 per-tore
791 2575 877 2638 esset
904 2567 1133 2638 abominatus

316 2684 479 2755 Attaureu
521 2692 571 2755 est
598 2683 731 2779 aliquid
764 2683 798 2753 iu
827 2683 891 2754 hae
919 2682 1046 2766 sabula,
1077 2681 1172 2777 quod
1201 2684 1236 2754 in
1266 2685 1439 2781 plerisque

261 2797 337 2869 aliis
365 2799 541 2896 Euripidis
568 2799 731 2896 operibus
758 2800 884 2870 frustra
912 2799 1102 2894 quaeritur,
1141 2800 1305 2895 quodque
1334 2802 1438 2873 effieit

262 2923 302 2985 ut
332 2915 480 2987 Baeohas
507 2915 691 3012 pulchruur
718 2914 838 2985 drorua
856 2915 970 2987 dicere
989 2915 1168 3011 possimus.

314 3031 546 3103 Saint-Vietor
565 3031 644 3120 (Les
663 3030 755 3102 rieux
778 3030 951 3127 Musques)
971 3032 1078 3103 facete
1099 3029 1304 3103 observavit:
1345 3059 1436 3129 „que

261 3144 292 3216 le
313 3146 413 3244 poete
432 3173 475 3218 en
496 3145 733 3243 blasphemant
755 3147 911 3217 Bacchus
928 3147 1040 3218 aurait
1060 3173 1193 3219 oouuue
1212 3147 1321 3219 Cheru
1341 3148 1437 3221 mille

261 3287 321 3333 son
349 3261 431 3359 pere
458 3263 575 3334 ivre!’'
605 3287 693 3357 quae
721 3261 891 3333 sententia
917 3263 989 3334 veri
1016 3263 1150 3358 aliquid
1180 3263 1298 3360 procul
1327 3264 1436 3336 dubio

261 3378 425 3451 eontinet.
470 3379 550 3450 Non
580 3377 659 3449 dieo
688 3376 891 3473 Euripidem
922 3378 1097 3474 „mythico
1125 3379 1216 3451 deo'’
1246 3381 1436 3477 pepercisse

260 3493 375 3565 eiusve
395 3494 483 3567 faeta
501 3493 679 3590 probasse3
702 3493 860 3565 ruiuirue!
877 3494 1049 3566 couteudo
1063 3496 1233 3590 tragieuur
1249 3496 1343 3568 iuxta
1360 3498 1436 3568 hor-

260 3608 360 3681 ribile
380 3619 584 3693 monstruni,
601 3607 695 3705 quod
711 3608 893 3704 spernebat
908 3618 941 3680 et
957 3611 1210 3695 contemnebat,
1227 3611 1334 3683 aliuur
1352 3613 1433 3683 Dio-

260 3749 396 3819 nysurn,
425 3750 531 3821 quern
558 3725 648 3796 sieut
673 3748 792 3794 ornnes
809 3724 869 3794 alii
888 3735 1009 3820 poetae
1028 3736 1162 3821 patrem
1181 3752 1283 3798 suuur
1303 3729 1434 3824 optiruo

260 3839 335 3911 iure
354 3866 474 3913 vocare
493 3849 618 3938 posset,
640 3839 794 3911 laudasse
814 3864 852 3910 ae
871 3839 1026 3912 coluisse.
1048 3842 1126 3937 Ipse
1145 3853 1246 3937 poeta
1261 3844 1370 3914 elatus
1384 3855 1434 3916 est

261 3953 502 4029 baoohantiuru
530 3955 854 4040 furore,vibraru11t
873 3955 947 4028 eius
967 3957 1063 4028 uervi
1080 3958 1125 4029 ad
1140 3958 1295 4029 struliuru
1311 3960 1434 4031 ardeus

258 4068 492 4158 adorantium,
535 4073 632 4144 flexit
671 4078 705 4142 et
746 4071 817 4166 ipse
853 4097 967 4167 genua
993 4073 1037 4145 ad
1065 4100 1159 4146 araru
1188 4074 1244 4145 dei
1272 4074 1431 4147 iuroeati.

261 4186 351 4258 Naur
392 4189 521 4262 sciebat
562 4187 702 4260 neruiue
737 4187 862 4259 Baoehi
890 4190 1070 4261 aedaurari
1098 4216 1200 4261 suoru
1229 4190 1346 4274 deum,
1378 4218 1433 4287 pa·

258 4309 401 4376 tronum
429 4331 545 4377 -suuru
572 4313 684 4399 atque¹
703 4301 858 4397 genium,
894 4305 1102 4402 principium
1137 4306 1305 4389 diviruuu,
1334 4309 1433 4378 euius

258 4418 417 4492 sacerdos
444 4421 557 4494 fuerat
582 4444 644 4517 per
670 4426 780 4490 totaru
808 4418 923 4492 vitaur.

313 4535 388 4609 Nee
428 4562 553 4635 parum
593 4534 826 4607 corroboravit
866 4535 960 4607 hune
987 4564 1125 4610 sensum
1153 4548 1290 4634 ternpus
1319 4540 1433 4635 ipsum
