3704 5484
869 1368 970 1442 VIII.

797 1636 875 1700 ἰ’γνοιν
900 1633 941 1685 οὖν
966 1636 1010 1685 καῖ
1028 1635 1084 1698 wi
1102 1641 1150 1685 τῶν
1165 1642 1274 1693 ποιητῶν
1288 1634 1313 1685 ἓν
1327 1637 1408 1701 ὀλίγῳ
1423 1641 1508 1694 τοῦτο,

761 1717 801 1766 ὅτι
830 1717 856 1766 οὐ
882 1718 961 1783 σοφίᾳ
987 1720 1080 1766 ποιοῖεν
1108 1719 1125 1766 ἅ
1150 1719 1252 1774 ποιοῖεν,
1269 1716 1342 1765 ἄλλοι
1360 1715 1435 1779 φόνοι
1455 1717 1508 1766 τινὶ

762 1797 805 1846 καὶ
824 1794 1036 1859 ἰνὲονοιάζοντες.

1080 1901 1153 1955 Plat.
1175 1901 1256 1970 Apol.
1276 1901 1350 1956 Socr.
1370 1901 1438 1956 vn.

309 2172 312 2179 .
389 2110 472 2182 Tres
512 2109 719 2207 hypotheses
760 2109 804 2181 de
848 2109 991 2181 Bacchis
1018 2110 1199 2205 hucusque
1228 2110 1377 2206 prolatos
1403 2104 1507 2205 atque

335 2225 491 2298 defensas
523 2226 762 2310 tractavimus3
799 2225 911 2322 prirno
939 2226 1120 2298 reiecimus
1148 2226 1347 2322 opinionem
1374 2251 1505 2310 eorum,

334 2343 396 2438 qui
423 2351 561 2439 poetam
589 2342 654 2414 sub
681 2342 771 2414 vitae
796 2343 902 2414 finem
921 2341 1133 2439 palinodiam
1152 2341 1328 2436 quandam
1347 2341 1508 2414 cecinisse

334 2458 554 2530 inanimum
587 2458 653 2530 sibi
680 2457 861 2542 induxere,
890 2458 970 2530 dein
999 2483 1133 2543 eorum,
1162 2458 1326 2554 quihano
1354 2457 1506 2529 sahulem

335 2573 456 2647 eadem
484 2583 599 2647 mente
627 2599 697 2670 qua
716 2573 950 2671 Hippolytum
968 2574 1129 2671 scriptam
1149 2599 1220 2645 esse
1240 2574 1505 2658 contenderunt,

334 2691 477 2762 tandem
503 2691 618 2763 conati
645 2716 765 2762 sumus
779 2690 933 2762 refellere
952 2690 1156 2788 philologos,
1177 2690 1239 2785 qui
1257 2689 1302 2761 ab
1321 2689 1386 2761 hoo
1405 2715 1507 2786 opere

334 2807 457 2879 seriem
485 2807 685 2879 continuam
715 2807 970 2902 tragoediarum
999 2806 1158 2879 Archelai
1187 2807 1222 2878 in
1248 2804 1327 2878 aula
1352 2815 1507 2878 actorum

335 2923 476 2995 initium
510 2924 661 3020 coepisse
692 2924 890 3019 opinantur.
948 2924 1053 2995 Nunc
1087 2923 1219 3020 optimo
1256 2923 1332 2994 iure
1367 2930 1510 3017 rogatur

335 3039 421 3134 quid
448 3039 521 3135 ipse
545 3064 713 3111 censeam.
735 3039 858 3135 ltaque
878 3064 990 3111 meam
1009 3039 1288 3135 qualemcunque
1307 3037 1507 3134 opinionem

334 3155 531 3252 prolaturus
572 3154 713 3226 initium
755 3155 879 3227 faciam
906 3181 926 3226 a
954 3155 1066 3227 verbis
1094 3154 1351 3237 Wilarnowitzi,
1381 3153 1443 3249 qui
1471 3153 1507 3224 in

324 3269 492 3342 ‘Heraclia
532 3271 686 3343 editione
726 3296 788 3342 sua
829 3296 906 3367 pag.
953 3275 1027 3346 378
1064 3270 1250 3343 rectissime
1283 3269 1367 3341 hace
1394 3268 1507 3340 obser·

322 3369 443 3458 ravit:

391 3500 500 3586 „Sehr
541 3502 726 3574 verbreitet
768 3502 840 3573 und
882 3501 970 3574 eben
1011 3501 1140 3574 wieder
1180 3527 1242 3573 aus
1276 3500 1339 3573 der
1365 3499 1506 3571 Wurael

335 3616 633 3713 Philosophisoher
673 3617 893 3689 Abstraotion
934 3617 1128 3689 erwachscn
1158 3618 1200 3689 ist
1233 3617 1293 3688 das
1321 3614 1507 3689 Bestreben

334 3733 411 3804 eine
448 3732 529 3830 jede
570 3733 760 3828 'lingoedic
801 3733 865 3805 auf
902 3733 960 3805 die
1001 3733 1139 3805 Formel
1181 3734 1275 3805 einer
1304 3731 1507 3803 Grundidoe

334 3847 643 3920 zurirokzulsrhren.
675 3894 726 3901 —
753 3851 799 3920 Es
826 3849 914 3920 wird
942 3848 1014 3920 sich
1042 3850 1076 3920 in
1106 3849 1219 3921 einem
1247 3848 1373 3919 kurzen
1394 3845 1508 3918 Selila-

334 3973 467 4058 gcwort
494 3965 590 4036 nicht
617 3990 812 4036 zusammen
843 3968 952 4037 lassen
982 3965 1128 4036 lasscn.''
1159 3964 1241 4037 Noli
1260 3963 1379 4059 igitur,
1400 3962 1508 4034 lector

334 4078 510 4165 benevole,
544 4106 564 4151 a
591 4106 646 4151 me
674 4088 869 4177 exspectare
897 4081 1034 4152 schema
1061 4081 1238 4176 quoddam
1267 4080 1360 4150 nude
1389 4077 1508 4149 drama

334 4220 376 4266 ne
416 4203 645 4267 transversum
681 4196 825 4291 quidem
861 4221 1016 4290 unguem
1053 4195 1224 4280 discodat;
1261 4194 1332 4266 noli
1368 4219 1505 4290 poscere

334 4311 518 4382 formulam
546 4312 699 4407 aliquam
728 4311 968 4383 mathematica
995 4313 1127 4384 ratione
1147 4320 1259 4383 totum
1279 4320 1399 4407 poetae
1421 4335 1508 4405 opus

333 4426 608 4523 amplectentem.
667 4428 807 4511 Contra,
836 4438 1007 4522 quantum
1035 4428 1178 4524 quidem
1198 4428 1308 4510 liceat,
1328 4424 1507 4497 abstinebo

332 4568 353 4613 a
381 4542 669 4639 digressiorrihus;
700 4554 900 4615 mansuetus
927 4553 1030 4639 atque
1058 4543 1246 4616 oboediens
1273 4568 1313 4614 co
1342 4568 1396 4613 mc
1424 4541 1507 4612 duci
