3398 5438
857 480 905 550 76

294 687 416 779 (relief)
444 691 480 761 in
509 689 687 785 Esquilino
715 700 890 785 repertum
918 689 1166 763 demonstrarit
1192 690 1261 762 iam
1296 689 1465 762 Miltiadis

293 814 447 902 ternpore
474 807 563 877 hanc
590 807 778 903 imaginem
805 807 1075 879 Atheniensibus
1102 807 1205 880 fuisse
1229 815 1347 878 notam
1380 807 1461 897 (vid.

294 922 494 994 Winterum
522 922 597 1011 l.l.).

347 1038 402 1109 Ad
437 1040 542 1109 finem
576 1039 794 1135 pervenimus
821 1037 926 1111 huius
960 1039 1091 1135 capitis
1120 1063 1226 1134 quare
1254 1038 1366 1111 missis
1393 1064 1464 1111 am-

293 1153 440 1250 bagibus
475 1153 591 1226 denuo
625 1163 755 1227 statuo:
786 1155 964 1252 Rappium
998 1155 1073 1226 iure
1104 1180 1167 1226 suo
1194 1180 1212 1227 e
1240 1155 1465 1251 scriptoribus

293 1269 441 1342 effecisse
472 1270 697 1343 Bacchanalia
730 1296 799 1343 non
828 1271 875 1342 itu
903 1269 1005 1342 utin
1033 1270 1210 1367 Euripidis
1237 1270 1381 1343 Bacchis
1408 1271 1465 1344 de·

292 1386 493 1458 scribuntur
532 1387 567 1457 in
610 1387 726 1458 Attica
760 1412 831 1458 esse
857 1395 943 1458 acta.
974 1387 1055 1458 Non
1084 1411 1203 1458 omnes
1230 1386 1391 1459 mulieres
1418 1388 1464 1459 ad

293 1503 411 1575 Liberi
443 1502 540 1597 orgia
578 1501 862 1587 admittebantur,
905 1528 975 1573 non
1003 1502 1129 1575 licebat
1156 1503 1261 1575 deum
1295 1503 1463 1575 honorare

246 1706 251 1719 ὓ
293 1645 363 1715 quo
390 1643 550 1715 quaeque
577 1618 682 1690 modo
710 1617 861 1703 volebat3
892 1627 964 1690 erat
992 1627 1126 1690 certum
1147 1619 1345 1714 collegium,
1365 1628 1463 1691 erant

293 1743 386 1808 certa
413 1744 605 1832 praecepto.
635 1734 769 1807 Iniuria
796 1760 875 1807 vero
903 1734 1082 1807 contendit
1109 1735 1162 1808 vir
1188 1735 1312 1807 doctus
1330 1735 1464 1807 bacchi·

293 1876 374 1923 cnm
401 1852 566 1935 furorem,
595 1851 741 1947 priscam
768 1849 864 1922 illam
891 1857 988 1923 ἄνεσιν
1001 1864 1052 1923 τοῦ
1065 1864 1111 1923 νοῦ
1138 1879 1159 1922 a
1185 1850 1401 1947 'lhyiadibns
1427 1852 1463 1923 in

293 1976 411 2039 monte
456 1968 617 2040 anussc
658 1975 828 2039 nocturno
868 1977 1023 2064 tempore
1064 1966 1170 2039 deum
1211 1966 1465 2040 celebrantibus

294 2108 434 2180 prorsus
461 2084 566 2155 fnisse
593 2083 760 2168 alienem3
790 2127 842 2135 —
870 2083 998 2155 iniuria
1025 2082 1125 2154 nobis
1153 2083 1331 2180 proposuit
1355 2082 1463 2180 philo·

293 2198 393 2295 logus
433 2224 617 2294 germanus
662 2201 763 2286 „eine
800 2208 917 2294 streng
950 2198 1213 2295 gemasnregelte
1249 2199 1464 2296 Welpsrrgn‘s-

293 2314 433 2387 nacht.''
915 2340 919 2371 ¹

347 2431 471 2528 ltaque
502 2458 583 2505 curn
611 2441 744 2504 certum
772 2433 817 2505 sit
845 2458 914 2504 non
942 2431 1058 2503 minus
1085 2431 1121 2502 in
1149 2431 1265 2502 Attica
1293 2457 1399 2526 quam
1425 2432 1461 2503 in

294 2547 501 2620 Macedonio
527 2549 689 2621 mulieres
717 2549 896 2621 bacchatas
915 2572 1007 2631 esse,
1036 2554 1157 2643 poetae
1175 2555 1294 2619 autem
1314 2555 1463 2620 vetustas

293 2662 427 2734 sabulas
459 2664 561 2736 sicuti
596 2690 649 2737 res
676 2690 753 2737 vere
780 2674 872 2737 actis
898 2663 1043 2735 minime
1071 2660 1233 2735 studeant
1262 2663 1460 2760 depingere,

293 2803 361 2848 non
394 2778 507 2863 video,
543 2805 605 2851 our·
637 2781 814 2877 Euripidis
852 2780 1003 2851 Bacchas
1030 2778 1147 2875 potius
1174 2778 1335 2850 Archelai
1362 2779 1462 2851 aulae

291 2893 433 2991 scriptas
459 2920 529 2968 esse
556 2904 747 2968 statuamus
773 2920 878 2991 quarn
905 2896 1038 2968 theatro
1065 2895 1181 2966 attico.
