3398 5438
891 464 938 531 80

328 696 397 741 una
432 669 575 765 quidem
602 668 732 766 syllaba
759 695 881 742 eorum
910 672 991 743 facit
1019 675 1242 747 mentionem.
1287 677 1316 747 E
1345 677 1500 749 versibus

326 795 443 858 autem
473 789 574 858 1216
603 811 676 881 sqq.
707 795 849 882 apparet
877 813 985 872 senes,
1014 790 1076 883 qni
1104 792 1209 863 modo
1241 792 1286 863 ad
1319 793 1500 888 pervigilia

326 903 436 997 parati
462 903 609 986 fuerant,
639 902 708 973 cito
736 901 881 973 domum
909 928 1059 975 reversos
1087 905 1201 978 fuisse.

379 1018 508 1090 Parum
535 1019 618 1089 haec
650 1017 768 1088 omnia
794 1018 884 1089 inter
911 1045 945 1090 sc
974 1029 1129 1093 constare
1157 1047 1258 1093 nemo
1287 1048 1356 1093 non
1385 1023 1496 1108 videt;

324 1134 352 1205 si
392 1135 470 1230 quis
510 1143 627 1206 autem
668 1141 777 1228 roget,
816 1160 902 1205 num
929 1135 1078 1208 Tiresiae
1107 1138 1300 1233 Cadmique
1329 1165 1496 1235 personae

324 1250 446 1345 utique
466 1250 602 1322 fabulae
625 1249 831 1321 necessariae
853 1250 933 1334 sint,
955 1253 1225 1348 respondeamus
1243 1263 1277 1326 et
1295 1254 1336 1326 iis
1351 1255 1498 1326 sublatis

324 1366 443 1438 drama
470 1367 571 1438 rectis
597 1365 676 1437 talis
703 1373 792 1436 stare
819 1391 927 1461 posse.
959 1367 1039 1456 Qua
1066 1369 1174 1465 igitur
1201 1369 1245 1441 dc
1270 1395 1371 1442 cansa
1398 1372 1495 1442 Euri-

323 1482 422 1578 pides
435 1508 493 1553 eos
507 1483 543 1554 in
561 1482 710 1553 Bacchas
725 1480 944 1554 introduxit?
964 1484 1056 1567 Non,
1073 1495 1171 1580 putu,
1187 1485 1233 1556 ad
1246 1496 1492 1580 argumentum

277 1590 281 1603 ’
322 1597 460 1669 fabulae
487 1598 711 1695 explendum,
740 1597 801 1669 scd
829 1622 899 1692 quo
929 1598 1076 1671 vividius
1098 1601 1239 1672 ferirent
1263 1602 1495 1697 spectantium

322 1714 456 1786 animos
497 1715 642 1786 Penthei
683 1712 843 1784 iuvenilis
883 1714 986 1787 ardor
1026 1741 1107 1787 cum
1142 1716 1329 1789 venerabili
1363 1742 1496 1813 angara

323 1855 453 1902 novum
481 1829 587 1902 deum
615 1829 816 1901 defendenti
843 1829 1044 1901 conflictans
1065 1840 1100 1902 et
1124 1831 1277 1904 Cadmus
1291 1833 1395 1905 simul
1415 1858 1495 1905 cum

322 1947 440 2041 Agave
472 1947 508 2019 in
543 1972 680 2018 scenam
714 1968 915 2041 progressus
948 1946 1150 2042 nepotisque
1192 1957 1296 2044 capnt
1337 1948 1494 2020 avulsum

322 2088 520 2157 agnoscens.
566 2062 663 2134 'falia
691 2061 783 2133 eninr
812 2071 1017 2155 argumenta
1043 2063 1182 2158 tragicis
1208 2063 1320 2159 poetis
1348 2064 1382 2134 in
1411 2063 1495 2136 deli·

321 2179 382 2250 ciis
417 2187 525 2262 erant,
559 2178 688 2273 quibus
722 2201 904 2271 nunquam
946 2202 1014 2248 non
1054 2179 1105 2249 nsi
1142 2187 1247 2274 atquc
1281 2178 1368 2250 adeo
1395 2179 1494 2251 abusi

320 2303 412 2379 sunt,
445 2295 588 2366 [Ionreri
617 2291 817 2389 exemplum
846 2293 967 2377 secuti,
996 2294 1293 2389 queamdmodum
1323 2295 1493 2366 variorum

320 2410 535 2507 sculptorum
562 2418 690 2482 aetates
717 2409 751 2480 in
782 2406 911 2480 eisdem
940 2410 1067 2504 mythis
1093 2410 1219 2482 iterum
1244 2423 1348 2506 atque
1366 2411 1491 2482 iterum

320 2526 615 2623 repraesentandis
642 2526 730 2598 vires
756 2548 835 2595 suas
863 2534 1102 2596 exercuerunt.

370 2644 420 2733 =At
455 2643 482 2715 si
515 2643 599 2714 haec
627 2641 816 2739 prudenter
844 2648 926 2711 sunt
953 2639 1139 2736 disputata,
1169 2642 1318 2714 'tiresiae
1347 2642 1489 2737 quidem

319 2785 463 2855 persona
490 2766 569 2831 ante
597 2757 795 2852 tragoediae
824 2763 1011 2842 περιπέτεικν
1037 2784 1124 2854 opus
1151 2765 1235 2843 crat,
1256 2758 1317 2829 scd
1336 2759 1490 2830 Cadmus

318 2900 387 2947 non
430 2875 495 2946 nisi
529 2883 605 2971 post
633 2873 769 2946 fabulae
805 2876 1060 2946 conversionem
1097 2873 1164 2945 fuit
1201 2872 1485 2945 introducendus

318 2991 408 3061 Cum
436 3000 551 3062 tamen
580 2991 731 3086 exigeret
759 2991 960 3061 oeconomia
987 2999 1027 3063 ut
1055 3014 1168 3084 augur
1189 2988 1338 3061 validam
1354 2989 1398 3061 ob
1413 3014 1491 3060 cau·

317 3132 390 3177 sam
421 3115 501 3178 ante
528 3107 659 3201 regiam
686 3114 877 3202 appareret,
908 3131 977 3177 non
1006 3115 1046 3178 nt
1073 3105 1156 3177 alias
1183 3130 1201 3176 a
1230 3130 1310 3200 rege
1337 3105 1411 3201 ipso
1441 3130 1491 3176 ar·

317 3223 469 3307 cessituS,
499 3232 601 3319 poeta
628 3222 746 3294 infelix
776 3220 865 3293 illud
892 3221 928 3293 in
955 3221 1134 3294 montibus
1161 3219 1352 3293 bacchandi
1380 3221 1490 3291 consi-

316 3338 403 3409 lium
444 3338 585 3410 senibus
624 3325 794 3420 attribuit,
832 3337 972 3408 tortasse
1008 3338 1169 3433 opinatus
1205 3335 1266 3407 tali
1294 3336 1489 3431 spectaculo

316 3454 443 3525 Bacclu
471 3453 761 3550 omnipotentiam
789 3452 915 3523 clarius
943 3452 1134 3524 indicatum
1162 3451 1217 3535 iri,
1247 3476 1361 3546 neque
1390 3475 1489 3547 repu-

315 3579 392 3641 tans
431 3569 479 3641 sic
520 3595 643 3641 senum
684 3568 861 3665 ipsiusque
908 3568 971 3638 llei
1000 3568 1202 3663 gravitatem
1239 3568 1288 3638 ita
1316 3566 1418 3650 laedi,
1449 3575 1489 3637 nt

315 3685 502 3780 satyricum
529 3685 645 3782 potius
665 3685 784 3756 drama
807 3708 913 3779 qnam
937 3708 1015 3754 vera
1036 3683 1214 3778 tragoedia
1228 3683 1284 3777 agi
1301 3682 1485 3753 videretur.

369 3803 424 3872 An
460 3801 600 3873 fortasse
634 3810 668 3872 et
705 3800 761 3871 hic
789 3807 922 3885 σκορπίος
951 3808 1006 3870 ὑπὸ
1035 3805 1129 3871 affra
1154 3803 1316 3882 λανθάνω
1342 3798 1487 3892 gravita-

314 3927 429 3989 tenme
462 3916 556 3988 illam
585 3917 711 3988 Bacchi
740 3915 870 3987 insulso
898 3923 933 3985 et
959 3913 1078 4010 inepto
1106 3914 1301 4011 spectaculo
1329 3913 1487 3985 deridere

314 4042 457 4105 conatus
497 4043 547 4104 est
588 4034 726 4105 noster?
767 4031 931 4103 Vidimus
959 4030 1135 4126 quomodo
1165 4029 1312 4125 Dionysi
1339 4029 1488 4100 cultores

314 4149 419 4221 deum
435 4175 538 4220 sunm
553 4149 783 4232 defenderint,
800 4148 1028 4219 conliteamur
1040 4156 1158 4218 autem
1173 4171 1307 4217 necesse
1323 4154 1373 4215 est
1382 4143 1484 4216 talem

313 4266 550 4337 defensionem
574 4250 687 4360 'inagis
714 4265 885 4336 ludicram
914 4287 1018 4357 qumn
1047 4263 1140 4358 piam
1168 4289 1251 4345 csse,
1281 4259 1484 4356 Euripidem

313 4382 340 4452 si
368 4409 388 4452 a
415 4407 537 4452 senum
566 4381 721 4476 partibus
740 4381 885 4452 stetisset
904 4378 969 4449 alia
992 4403 1101 4473 caque
1121 4378 1262 4450 meliora
1281 4388 1486 4471 arginuenta

312 4498 431 4569 afferre
460 4497 622 4593 potuisse.
653 4497 788 4567 Sciebat
815 4504 933 4566 autem
960 4503 1062 4588 yroeta
1093 4495 1267 4565 Bacchum
1296 4518 1376 4563 mox
1406 4516 1485 4587 poc-
