3704 5484
903 535 949 603 la

389 746 443 817 Ac
485 746 636 842 primum
678 745 822 840 quidem
864 754 898 817 te
940 745 1047 817 lector
1089 770 1208 840 rogare
1250 748 1364 831 velim,
1395 748 1514 844 quoles

335 863 463 933 suerint
511 861 667 933 lroinines
713 888 801 957 quos
843 862 968 933 nostris
1011 862 1061 933 vel
1104 863 1256 958 antiquis
1297 864 1514 960 temporibus

334 978 508 1048 doctrinas
535 1003 613 1049 snas
641 985 749 1049 totam
778 1003 839 1073 per·
867 979 972 1049 vitam
992 977 1154 1049 ardenter
1171 979 1284 1073 cultas
1303 988 1336 1050 et
1356 979 1514 1051 defensas

334 1104 382 1165 ἐπὶ
407 1106 514 1182 γήρκσς
538 1104 609 1184 οὐδῷ
645 1095 833 1167 deseruisse
861 1095 1042 1190 rreceperis,
1100 1095 1223 1165 Statim
1260 1095 1345 1166 milri
1378 1121 1515 1192 respon-

334 1210 431 1280 debis
467 1211 570 1300 luisse
607 1213 656 1283 uel
696 1237 754 1281 cos
782 1210 843 1305 qui
873 1211 1020 1295 nimium
1050 1220 1151 1281 antea
1180 1211 1305 1282 rationi
1335 1212 1512 1307 mentique

335 1326 505 1398 lnnnanac
533 1328 651 1399 coritisi
682 1327 728 1397 nil
760 1352 826 1397 mm
856 1335 928 1397 artc
956 1326 1068 1419 logica
1097 1327 1182 1398 solvi
1203 1353 1299 1424 posse
1319 1327 1510 1413 crederent,

335 1452 452 1538 postea
480 1468 558 1514 vero
586 1443 797 1540 experientia
825 1441 919 1513 (loeti
948 1441 1181 1514 intellexerint
1205 1469 1275 1514 csse
1296 1444 1406 1514 nrnlta
1425 1469 1513 1538 quae

334 1559 490 1629 homines
525 1585 586 1630 nec
621 1584 742 1655 capere
778 1559 907 1654 possint
936 1583 1048 1653 neque
1078 1583 1233 1654 uuquam
1262 1559 1397 1655 capturi
1425 1559 1511 1644 sint3

333 1673 386 1744 vel
414 1675 518 1745 fuisso
546 1676 702 1769 egregios
731 1674 887 1745 homines
914 1674 975 1769 qui
1004 1698 1073 1745 rem
1104 1673 1279 1770 publicam
1309 1675 1373 1745 sibi
1399 1676 1513 1746 linxis-

334 1800 410 1860 sent
445 1790 524 1861 lmie
562 1791 760 1862 mortalium
789 1790 907 1884 generi
938 1789 1080 1861 mimmo
1113 1800 1242 1887 aptam,
1274 1800 1394 1886 utpote
1423 1816 1512 1886 quac

334 1931 490 1976 normam
539 1932 760 1977 communem
803 1905 996 1989 excederet,
1040 1905 1133 1976 unde
1175 1906 1373 1977 labentibus
1414 1892 1513 1978 arinis

333 2022 530 2116 aeqrmlium
561 2023 709 2115 ingeniis
738 2022 861 2092 melius
891 2022 1075 2118 perspectis
1101 2021 1146 2092 ad
1168 2022 1352 2093 humiliora
1371 2023 1513 2094 consilia

334 2147 558 2208 reverterunt.
592 2138 682 2209 Mihi
711 2148 827 2208 autem
843 2136 1010 2208 correedes
1028 2136 1096 2208 tale
1115 2137 1214 2232 quid,
1236 2137 1331 2232 quod
1350 2138 1510 2222 sciamus,

335 2278 525 2348 nuruquam
555 2254 683 2324 lactum
705 2280 776 2324 esse
795 2279 816 2323 a
836 2253 1039 2349 philosopho
1059 2253 1092 2323 in
1114 2253 1245 2324 iudicio
1266 2253 1309 2325 de
1329 2254 1511 2325 hominum

334 2368 532 2440 conditione
552 2370 702 2441 terrestri
723 2370 831 2464 magis
849 2368 892 2439 ad
913 2368 1199 2465 vilipendendum
1219 2395 1387 2466 propenso
1407 2395 1512 2466 quam

334 2483 379 2554 ad
406 2484 652 2556 celebrandum
681 2486 716 2556 in
747 2485 867 2556 ineius.

388 2599 479 2670 Nam
507 2600 585 2672 talis
612 2601 664 2671 vir
692 2601 758 2672 luit
786 2599 989 2696 Euripidem
1019 2599 1194 2695 siquidem
1212 2600 1388 2696 scriptoris
1406 2626 1510 2696 opera

335 2740 470 2786 morum
513 2716 715 2811 ingeniique
757 2716 936 2812 speculum
979 2716 1132 2812 putarula
1170 2725 1261 2787 strat.
1308 2716 1512 2787 aestimavit

336 2831 491 2902 lromines
518 2858 580 2903 suo
610 2833 720 2928 pretio
750 2832 800 2902 rel
830 2833 933 2902 etiam
963 2832 1136 2913 interiore,
1167 2831 1274 2903 coluit
1302 2842 1350 2904 τὸν
1382 2838 1450 2905 θεὸν
1483 2837 1511 2915 ἒς

334 2954 616 3018 contradicerem
642 2958 711 3034 πρὶς
735 2957 875 3033 dcccclxv
900 2962 955 3018 τῶν
980 2953 1061 3026 ἔλων,
1083 2957 1234 3032 cineracei«)
1259 2957 1299 3020 tal
1315 2957 1510 3036 συμφέρονται

335 3063 578 3151 (Sclrolslliad.
598 3064 646 3135 lv
664 3070 687 3134 4
704 3090 736 3160 p.
760 3068 831 3135 rao
852 3064 948 3148 llk.);
973 3064 1058 3159 quid
1088 3064 1196 3157 igitur
1222 3064 1295 3136 seni
1324 3090 1412 3161 opus
1445 3067 1511 3137 t'uit

334 3181 539 3251 senteutiam
589 3183 747 3251 unitam?
803 3181 858 3250 rln
902 3205 1014 3251 revera
1060 3181 1261 3275 putabimus
1297 3181 1509 3277 discipulum

335 3295 588 3391 praeclarorum
625 3295 920 3392 philosophorum,
957 3296 1137 3391 aequalem
1166 3296 1326 3380 Socratis,
1358 3307 1511 3369 extrema

334 3419 445 3481 aetate
474 3412 509 3481 in
538 3437 665 3483 corona
694 3411 977 3483 muliercularum
1006 3411 1148 3482 labellus
1176 3411 1438 3484 decantantium
1464 3413 1510 3484 la-

335 3526 451 3609 tuisse,
489 3528 579 3598 imer
619 3553 677 3599 eos
712 3528 815 3599 fuisse
845 3528 905 3623 qui
934 3552 1055 3597 sermm
1084 3527 1294 3623 somniisque
1323 3529 1414 3624 capti
1449 3529 1510 3599 im-

337 3643 421 3713 moti
451 3652 711 3738 permanserunt
741 3643 889 3739 procella
920 3643 1089 3713 saeviente
1110 3669 1213 3739 supra
1233 3669 1353 3715 eorum
1376 3645 1511 3740 capita?

338 3758 449 3828 linrno
499 3759 661 3854 equidem
709 3786 784 3830 mea
825 3760 935 3830 lacere
977 3758 1078 3829 velim
1120 3759 1224 3830 uerba
1268 3759 1510 3832 Wilamou'itni

335 3874 465 3970 optime
500 3875 686 3946 iudicantis
721 3874 839 3964 (Here.
872 3878 979 3958 atam
1021 3876 1090 3957 „Es
1126 3875 1215 3945 kann
1251 3875 1412 3946 niemaml
1442 3876 1508 3947 deu

341 3990 519 4087 Euripides
553 3999 652 4085 iirger
689 3992 883 4063 verliemren
919 3991 968 4060 als
998 4016 1096 4061 a'erm
1125 4017 1162 4061 er
1191 3991 1224 4061 in
1254 3991 1321 4062 den
1354 3990 1507 4064 llacclren

336 4105 411 4176 eine
441 4107 644 4202 lakelnaag
671 4133 749 4178 aum
778 4106 927 4200 glauben
957 4106 1019 4177 der
1046 4107 1137 4177 alten
1168 4106 1295 4178 acina·
1322 4107 1447 4178 sielrt.''

390 4223 436 4293 nt
465 4223 567 4294 verba
595 4224 640 4294 do
669 4249 731 4320 pro
759 4222 982 4317 argumentis.
1017 4223 1099 4294 Fors
1126 4223 1218 4293 enim
1248 4223 1328 4294 tulit
1358 4233 1395 4294 ut
1429 4224 1508 4295 Bae·

336 4336 415 4408 chus
450 4364 530 4409 cum
565 4339 632 4410 alia
660 4338 837 4433 tragoedia
866 4337 990 4409 eodem
1017 4348 1174 4435 tempore
1203 4338 1237 4409 in
1266 4364 1403 4410 scenam
1431 4365 1509 4435 pro-

336 4452 440 4524 ducta
469 4480 602 4526 necnon
630 4454 751 4526 eadem
779 4463 888 4525 aetate
916 4481 935 4524 a
965 4465 1064 4551 pocta
1093 4454 1285 4551 conscripta
1311 4480 1508 4551 comparare

336 4569 515 4664 possimus.
575 4570 697 4665 ltaque
732 4571 761 4640 si
796 4594 915 4641 rerum
950 4581 999 4641 est
1034 4569 1082 4652 id,
1112 4569 1208 4664 quod
1236 4570 1396 4641 nonnulli
1423 4595 1510 4645 esse·
