3704 5484
1000 496 1048 566 87

436 707 685 780 documentum
714 707 930 804 praeberent,
962 708 990 779 si
1017 707 1123 779 modo
1151 732 1172 779 o
1203 733 1383 803 quoquam
1411 708 1611 780 mortalium

436 822 586 920 intelligi
614 834 761 921 possent.
792 822 869 894 Hac
888 823 997 920 igitur
1024 824 1067 896 de
1095 849 1131 895 re
1158 832 1233 895 tum
1264 824 1407 895 demum
1435 824 1614 922 disputan-

435 940 522 1012 dum
547 949 633 1037 puto
661 965 742 1011 cum
770 965 840 1011 non
868 939 1018 1037 amplius
1046 940 1280 1011 divinabimus
1307 939 1365 1011 sed
1395 941 1571 1036 sciemus

487 1055 546 1128 Vs
578 1060 655 1128 416
684 1081 771 1152 sqq„
805 1059 876 1130 771
908 1082 981 1152 sqq.
1020 1056 1056 1127 id
1086 1056 1286 1152 exprimunt
1315 1057 1410 1152 quod
1439 1058 1614 1129 veteribus

434 1198 636 1269 persuasum
664 1180 755 1244 erat:
786 1172 1038 1269 cupiditatibus
1065 1172 1238 1244 humanae
1266 1181 1411 1244 naturae
1440 1173 1552 1245 insitis
1578 1182 1613 1246 et

435 1288 604 1385 voluptati
639 1289 675 1360 in
710 1288 780 1359 vita
814 1289 967 1360 humana
1001 1314 1105 1360 suum
1140 1289 1195 1360 ius
1230 1313 1301 1360 esse
1330 1288 1609 1360 concedendum.

434 1403 501 1494 (cf.
531 1405 643 1476 Silber
669 1405 713 1477 de
742 1406 824 1476 Eur.
859 1405 983 1476 Bacch.
1016 1409 1091 1494 41).
1605 1391 1607 1395 ’

487 1520 584 1592 Haeo
624 1531 753 1606 autem,
784 1530 823 1592 ut
860 1547 922 1618 per
956 1547 992 1593 se
1020 1521 1101 1592 satis
1128 1521 1321 1617 perspicua,
1351 1520 1541 1606 mittamus,
1572 1531 1613 1593 ut

433 1635 681 1733 aliquantisper
721 1637 757 1709 in
799 1638 951 1709 carmine
994 1640 1068 1709 902
1112 1662 1204 1733 sqq.:
1243 1645 1390 1722 εὐδαίμων
1423 1646 1488 1722 μὲν,
1520 1641 1549 1720 ὃς
1578 1650 1611 1711 ἐκ

433 1759 600 1835 &arctarer
623 1763 688 1825 ιοτὲ.
719 1778 906 1837 moremur,
948 1753 1044 1849 quod
1084 1753 1144 1824 alii
1184 1753 1284 1825 aliter
1319 1754 1608 1850 interpretantem

432 1895 513 1940 narn
548 1879 732 1967 postquam
767 1869 964 1941 Lobeckius
995 1868 1269 1966 (Aglaophamus
1306 1874 1395 1959 648)
1433 1896 1473 1941 ea
1507 1871 1611 1942 verba

433 2011 513 2057 cum
548 1985 693 2057 solemni
729 1985 986 2057 Eleusiniorum
1021 1994 1212 2082 mystarum
1244 1986 1393 2057 formula
1420 2011 1610 2081 congruere

432 2102 639 2174 observavit:
675 2110 812 2190 ..ἔφυγον
836 2108 937 2182 xxxta,
961 2106 1041 2188 adpo
1065 2110 1216 2187 ἄμεινον’,
1251 2102 1393 2175 asseclas
1420 2110 1524 2198 atque
1551 2103 1610 2175 ad·

431 2218 595 2290 versarios
622 2218 689 2290 sibi
717 2218 848 2290 invenit
876 2216 958 2307 (vid.
990 2217 1123 2314 Sandys
1149 2217 1185 2289 iu
1215 2217 1296 2306 ed).

485 2333 589 2424 Quod
619 2334 663 2406 ad
693 2360 747 2405 me
774 2334 909 2418 attinet,
938 2333 1073 2430 aliquid
1101 2359 1119 2404 e
1148 2334 1318 2431 mysteriis
1336 2335 1371 2405 in
1395 2335 1607 2407 Baccharum

431 2450 584 2522 fabulam
599 2450 773 2547 irrepsisse
789 2475 914 2546 negare
929 2475 997 2521 non
1013 2448 1142 2529 audeo;
1160 2450 1266 2520 innuo
1282 2476 1328 2522 vs.
1348 2454 1396 2522 69
1412 2477 1461 2547 sq.
1484 2459 1608 2535 ἔκτοπος

431 2574 506 2639 ἕοτιο
531 2576 634 2652 ortua
658 2573 825 2655 τέὕφομου
849 2570 933 2648 ἔοι-ος
957 2571 1136 2650 ἐξοσιούσθω
1162 2565 1199 2637 in
1227 2567 1428 2639 memoriam
1447 2579 1609 2641 revocant

430 2683 533 2755 verba
561 2683 807 2780 hierophantae
837 2684 872 2755 in
903 2683 1083 2754 Ranarum
1098 2682 1231 2754 fabula:
1262 2694 1408 2771 εὐφημεῖν
1421 2695 1520 2772 χρήκ.
1534 2718 1563 2757 τ.
1577 2709 1606 2757 λ.

430 2807 489 2888 (vs
536 2804 638 2888 354),
682 2825 816 2872 necnon
859 2824 993 2870 versum
1031 2803 1078 2873 72
1113 2825 1193 2871 eum
1228 2799 1323 2894 lego:
1355 2804 1503 2889 ὦμοέιοοιρ
1527 2806 1607 2884 ὅστις

430 2924 576 3003 εὑδκίμοου
601 2925 758 2998 τελετὰς
782 2923 858 2988 θεῶν
875 2924 955 2996 εἰδὼς
972 2923 1078 3000 βιοτὰν
1095 2924 1249 3001 amoram
1263 2915 1410 2988 aliorum
1425 2925 1605 3013 poetarum

429 3033 490 3128 qui
512 3033 673 3128 mysteria
694 3032 883 3104 laudarunt
904 3031 1076 3116 recordor,
1098 3058 1127 3104 e.
1150 3057 1202 3127 g.:
1235 3031 1335 3104 Pind.
1353 3032 1479 3105 'lhren
1498 3033 1602 3106 Vlll:
1675 3122 1679 3129 ἱ

584 3239 714 3316 Ὄλβιος
740 3235 818 3312 {tra
843 3238 906 3301 ἰδὼν
929 3240 1026 3301 ἐκεῖνοι
1051 3237 1153 3301 κοίλοιο
1177 3232 1245 3301 ebo
1270 3238 1325 3301 ὑπὸ
1350 3235 1463 3316 χθόυκ·

584 3349 661 3420 οἶδεν
686 3357 741 3433 μὲν
765 3355 865 3433 βιότου
889 3354 1046 3426 τελευτάν,

583 3467 659 3536 οἶδεν
683 3472 715 3535 δὲ
739 3471 884 3536 διότδυτου
908 3470 1019 3549 ἀρχάν.

481 3670 659 3767 Sophoclis
689 3671 729 3742 ll'.
761 3674 835 3744 719
859 3669 986 3741 Diod:
1036 3673 1088 3740 Ὦ
1113 3675 1273 3755 τρισόλβιοι
1297 3684 1381 3740 κεῖνοι
1404 3676 1515 3755 βροτῶν
1538 3678 1602 3741 κτέ.

428 3787 586 3858 lsocratis
628 3787 755 3882 l'aneg.
774 3784 836 3857 Vl.
870 3791 935 3857 59:
975 3791 1008 3868 ἧς
1032 3793 1097 3875 (τῆς
1122 3791 1259 3872 τελετῆς)
1283 3793 1307 3857 ol
1330 3794 1515 3872 μετέχοντες
1539 3794 1607 3874 περί

427 3936 460 3975 τε
485 3920 537 3986 τῆς
561 3917 612 3975 τοῦ
625 3911 690 3988 βίου
703 3919 845 3985 τελευτῆς
863 3910 914 3974 καὶ
931 3916 982 3975 τοῦ
995 3911 1172 3987 σύμπαντες
1184 3910 1283 3983 αἰῶνος
1296 3909 1389 3983 ἡδίους
1401 3909 1458 3983 τοὶς
1470 3910 1603 3983 ἐλπίδες

426 4027 554 4107 ἔχουσιν.

479 4128 531 4198 Cf.
543 4127 645 4198 etiam
655 4126 863 4222 Crinagorae
872 4126 989 4222 llpigr.
1003 4132 1064 4210 30,
1074 4125 1262 4197 Aeschines
1271 4125 1306 4195 in
1316 4125 1461 4196 Axioch.
1474 4126 1599 4210 3711),

425 4242 537 4314 Schol.
556 4241 698 4314 hristid.
721 4245 806 4326 101,
823 4243 894 4314 Cic.
911 4243 954 4314 ‹le
970 4242 1077 4338 Legg.
1097 4243 1132 4312 ll
1153 4247 1212 4326 14,
1228 4241 1259 4309 V
1262 4267 1326 4313 err.
1344 4241 1386 4312 V.
1409 4245 1493 4312 141.

480 4359 592 4430 Nemo
628 4369 746 4430 auteur
781 4359 876 4454 quod
911 4358 1054 4455 quidem
1082 4358 1187 4430 sciam
1216 4357 1382 4429 hactenus
1409 4357 1601 4431 observavit

424 4476 528 4546 verba
543 4483 658 4564 ἔφυγον
681 4484 771 4547 acvb
795 4485 859 4548 κτὲ.
882 4475 979 4547 nullo
998 4475 1074 4547 iure
1093 4475 1212 4547 referri
1235 4473 1280 4546 ad
1298 4500 1392 4546 sacra
1413 4473 1597 4546 Eleusinia.

424 4591 608 4687 Leguntur
635 4592 814 4665 Demosth.
844 4591 888 4664 de
916 4592 1041 4665 Coruo.
1072 4595 1161 4676 259,
1182 4590 1244 4664 ubi
1262 4599 1377 4663 orator
1395 4591 1441 4663 ad
1460 4591 1600 4663 Aeschi-
