3398 5438
923 514 970 582 98

357 729 608 800 corrrainctrieea
643 723 665 794 i.
701 747 730 793 e.
762 721 922 794 mulieres
950 748 1039 818 quae
1068 722 1182 793 lanam
1211 731 1355 818 capiant
1380 722 1433 794 vel
1461 750 1534 797 cor·

357 846 491 916 attineat
525 850 609 932 (atax
633 847 739 925 Setaea
764 869 789 924 χ
820 841 913 922 423,
953 837 1065 909 Schol.
1095 837 1386 934 pseudo-'Phocea
1416 838 1453 910 ΙΙ
1485 843 1533 911 54

358 964 689 1044 alternaturam).
720 955 797 1026 Scio
825 954 968 1049 quidem
990 954 1204 1049 Hesychium
1229 954 1444 1050 Suidamque
1464 980 1535 1027 ver-

358 1075 443 1147 bum
478 1081 586 1159 Setaea
621 1071 791 1168 explicare
824 1076 934 1155 catara,
972 1069 1033 1141 sed
1061 1070 1199 1141 nullum
1226 1070 1394 1165 praebent
1421 1095 1535 1143 exem·

358 1190 469 1287 plum,
497 1190 571 1287 ipse
599 1196 715 1260 autem
745 1187 842 1258 Plato
871 1212 932 1258 nos
959 1185 1003 1257 de
1031 1185 1261 1282 discrepantia
1278 1185 1444 1258 admonet
1462 1212 1535 1258 rcr-

360 1306 413 1378 bis
442 1306 528 1397 (Pol.
562 1308 631 1377 28]
700 1311 728 1393 l:
759 1310 775 1384 ἢ
807 1314 859 1385 τὴν
890 1311 1030 1388 §carrale
1061 1313 1252 1387 τολμήσομεν
1285 1312 1451 1390 ὑφαντικὴν
1484 1310 1534 1375 καὶ

360 1432 409 1494 τὸν
432 1430 542 1506 §aaran
567 1432 603 1502 ὡς
627 1428 698 1493 ἔντκ
722 1428 858 1508 ὑφάντην
882 1434 995 1491 aerata.

413 1538 514 1633 Nego
548 1537 657 1632 igitur
687 1535 856 1607 vocabalo
884 1544 1019 1622 &aaran
1048 1533 1220 1629 designari
1247 1560 1345 1631 posse
1373 1534 1535 1606 nudiores

359 1654 445 1738 illas,
481 1678 567 1749 quas
602 1651 750 1722 Ovidius
786 1660 905 1723 nentes
932 1659 966 1723 et
993 1659 1148 1721 texentes
1176 1650 1348 1722 describat
1375 1676 1534 1746 quaeque

359 1772 403 1842 ah
432 1770 577 1841 Aeliano
605 1776 787 1840 vocentur:
819 1776 851 1838 ai
874 1775 937 1855 περὶ
961 1775 1027 1848 τοὺς
1052 1775 1147 1848 ἱστοὺς
1171 1774 1297 1854 {aaaron
1325 1766 1414 1856 (ll).

414 1886 488 1958 Nec
504 1885 644 1957 reticere
659 1909 799 1981 possum
819 1884 989 1968 nltimam,
1010 1908 1099 1979 qnae
1119 1909 1173 1954 me
1192 1883 1308 1970 hahet,
1328 1882 1531 1956 molestiam.

359 2002 485 2074 Titnlis
519 2002 612 2073 enim
649 2001 768 2097 quales
801 2008 882 2072 sunt
917 1999 1095 2085 Xantriae,
1127 2001 1343 2084 Phoenissae,
1372 2000 1535 2073 Thressae

361 2118 560 2190 indicantur
588 2117 785 2188 falmlarem
813 2115 927 2201 chori;
959 2117 1125 2188 Xantriae
1144 2116 1252 2212 igitur
1272 2116 1419 2189 feminae
1439 2124 1536 2188 erant

361 2261 379 2305 e
415 2234 543 2330 qnilms
578 2233 702 2304 chorus
729 2241 864 2305 nostine
892 2232 1089 2327 tragoediae
1118 2233 1306 2304 constabat.
1340 2233 1407 2304 Fae
1435 2257 1536 2327 argu-

362 2359 518 2422 mentum
556 2349 630 2420 eius
663 2348 798 2420 lirhnlae
826 2349 929 2420 fuisse
959 2349 1186 2421 niutationem
1215 2348 1357 2444 hlinyae
1385 2347 1536 2421 filiarum

363 2467 396 2537 in
428 2464 694 2562 vespertiliones,
724 2474 807 2536 tunc
835 2465 992 2560 sequitur
1020 2465 1134 2562 ipsum
1162 2465 1307 2537 chorum
1335 2491 1406 2537 esse
1424 2473 1536 2537 muta·

362 2591 456 2665 tmn;
492 2580 552 2652 sed
586 2581 673 2676 qnid
707 2581 735 2651 si
767 2581 872 2652 semel
899 2583 1163 2677 transfiguratus
1191 2582 1321 2654 faerit?
1349 2606 1536 2677 quemnam

363 2698 496 2769 exitum
531 2696 651 2768 habuit
686 2696 864 2791 tragoedia
899 2697 968 2783 illa,
1004 2699 1103 2770 errius
1137 2698 1262 2769 chorus
1296 2723 1433 2770 scenam
1461 2696 1537 2769 reli-

364 2821 485 2910 querat
513 2822 553 2885 ut
579 2838 725 2909 pomam
753 2813 975 2885 coristitutam
1003 2814 1157 2887 subiret?
1185 2817 1239 2886 An
1269 2815 1356 2887 forte
1384 2822 1537 2885 mutatae

364 2929 513 3000 feminae
562 2928 597 2999 in
645 2955 781 3001 scenam
822 2939 1034 3002 reverterunt
1078 2941 1116 3003 ut
1157 2931 1341 3004 stridentes
1384 2929 1537 3002 exodum

365 3044 529 3115 ederent?
556 3044 692 3117 Dixerit
719 3045 844 3141 aliquis
873 3046 1066 3142 Diom'smn
1094 3046 1235 3120 oraculo
1263 3046 1417 3144 quodam
1435 3037 1479 3117 iis'
1496 3053 1536 3117 ut

367 3169 583 3232 nurtarentur
610 3160 645 3232 in
674 3163 742 3233 fine
769 3162 965 3256 tragoediae
995 3164 1228 3259 praetiosa?
1256 3165 1323 3236 Sed
1343 3162 1429 3260 qnid
1453 3171 1537 3234 tunc

366 3277 402 3347 in
443 3302 542 3348 scena
584 3286 634 3349 est
674 3280 811 3349 aetirm'?
853 3279 942 3349 Nam
979 3306 1021 3351 nc
1051 3307 1141 3352 nans
1169 3280 1312 3379 quidem
1340 3279 1537 3375 Leucippac

365 3392 440 3477 filii,
470 3393 514 3464 de
541 3419 611 3489 (pua
638 3395 802 3467 Aelianus
821 3405 855 3465 et
876 3395 1080 3469 Plutarchus
1099 3412 1251 3483 narrant,
1272 3423 1389 3470 coram
1407 3404 1537 3492 speeta-

366 3508 499 3581 torihns
526 3510 599 3582 lieri
626 3511 751 3608 potnit.
782 3514 835 3583 An
856 3515 1009 3585 contenti
1029 3516 1171 3587 fuerunt
1189 3524 1381 3612 speetames
1399 3512 1538 3605 dialogo

366 3626 457 3698 inter
493 3627 683 3721 lliorpsum
718 3637 752 3699 et
787 3628 930 3700 l'erniuas
965 3630 1094 3717 hahito,
1134 3634 1208 3706 sine
1236 3632 1352 3705 taedio
1381 3630 1538 3701 tulerunt

368 3742 607 3837 repetitionem
635 3742 792 3821 divor-hii.
822 3745 917 3840 qnod
947 3747 979 3819 in
1008 3750 1228 3823 antecedenti
1258 3749 1538 3841 lalmlahtcatatc

368 3866 543 3945 ἡιιαὶκχκι)
571 3859 773 3932 adierant?
802 3863 880 3933 Non
910 3864 1023 3937 eredo.

423 3973 540 4046 Unum
575 3984 722 4053 tantum.
755 3978 782 4049 si
810 3978 895 4075 qnid
926 3982 1038 4059 rideo,
1066 3996 1185 4058 restat:
1216 3985 1312 4057 elrori
1340 3984 1413 4056 viee
1441 3983 1538 4054 fame-

368 4102 420 4162 tas
451 4117 521 4163 esse
552 4093 769 4188 llirpeidum
790 4100 969 4190 saranica:
1000 4101 1094 4197 <prod
1123 4103 1150 4173 si
1178 4104 1388 4199 incipiamus
1416 4098 1540 4171 melius

369 4205 511 4302 <pridem
546 4208 698 4282 (leserunt
731 4212 858 4289 l'almla.
895 4217 954 4288 sed
984 4219 1159 4291 molestiae
1185 4245 1288 4317 supra
1317 4219 1441 4290 allatae
1468 4240 1537 4287 uon

369 4322 553 4396 tolluntur.

424 4441 574 4537 Exposui
603 4470 690 4539 qum
720 4473 772 4518 me
800 4474 817 4517 a
845 4448 1009 4523 lloeekhii
1025 4453 1399 4548 partilmsseinngant:
1430 4448 1539 4521 nolim

370 4568 485 4629 trurren
521 4558 691 4634 Welekeri
732 4564 827 4658 signa
869 4569 977 4662 aqui
1029 4570 1204 4642 Omnihus
1241 4571 1335 4643 enim
1366 4565 1541 4665 perpensis
