3704 5484
900 532 947 599 45

337 739 404 810 den
433 740 559 812 stolaen
589 735 708 835 Kunig
735 740 943 813 herabsehen
974 743 1142 814 muszte.''
1172 788 1222 796 —
1252 744 1386 815 Sufficit
1404 745 1511 839 igitur

337 856 420 927 hace
462 857 590 952 dialogi
625 882 702 953 pars
734 857 778 928 ud
816 857 1043 929 refellendum
1082 859 1116 929 id
1155 859 1249 955 quod
1278 859 1374 956 apud
1405 861 1512 933 Athe·

337 997 461 1044 naemu
491 973 569 1062 (Xl.
603 977 676 1044 506
708 973 748 1060 Ε)
776 974 945 1046 traditum
973 982 1034 1057 est,
1066 974 1169 1046 fuisse
1196 975 1371 1071 quandam
1399 1002 1511 1048 neees-

336 1088 470 1159 sitatem
498 1090 589 1161 inter
621 1090 795 1161 l'lateuem
825 1099 859 1161 et
888 1090 1108 1162 Archelaum.
1150 1090 1261 1162 humo
1291 1101 1329 1164 ut
1357 1094 1511 1165 Socrates

336 1205 383 1274 sic
429 1206 523 1276 Plato
566 1205 751 1277 harharmn
792 1232 908 1301 regem
953 1206 1144 1303 despicatui
1186 1206 1352 1292 hahebat,
1405 1234 1509 1303 (pram

336 1322 540 1392 sententiam
584 1322 811 1393 Athenienses
852 1348 983 1406 aranea,
1027 1322 1086 1418 qui
1123 1322 1265 1418 (pridem
1302 1324 1508 1419 probitatem

336 1435 466 1508 divitiis
493 1446 753 1534 anteponerent,
784 1438 987 1534 prohalmnt.
1017 1437 1125 1514 Quod
1153 1439 1181 1510 si
1208 1439 1287 1534 <pris
1314 1448 1399 1510 teste
1429 1465 1511 1511 usus

336 1553 517 1625 Andocide
546 1563 626 1642 (Περὶ
651 1563 756 1626 {xoret
780 1560 935 1639 aetola),
965 1555 1027 1649 qui
1058 1563 1172 1625 narrat
1206 1581 1241 1626 se
1269 1555 1312 1626 ah
1341 1555 1510 1627 Archelao

336 1668 534 1765 impetrasse
563 1680 602 1741 nt
630 1696 648 1741 e
679 1670 886 1742 Macedonia
909 1670 1093 1742 auxiliares
1114 1695 1175 1767 pro
1194 1669 1298 1742 classe
1322 1672 1510 1755 Athenien-

335 1784 424 1856 sium
462 1786 656 1857 conducere
691 1786 757 1857 sihi
786 1787 916 1869 liceret,
946 1786 998 1857 vel
1030 1786 1184 1858 Diodoro
1213 1787 1279 1857 Sic.
1311 1787 1414 1859 Xlll.
1445 1793 1508 1871 dt),

336 1901 397 1994 qui
430 1900 530 1973 docet
567 1902 776 1974 Macedones
810 1902 919 1973 socios
953 1901 1218 1974 Atheniensium
1248 1902 1352 1974 fuisse
1380 1929 1510 1998 regem·

335 2041 403 2110 que
431 2017 476 2088 ad
505 2019 663 2113 Pydnam
689 2017 956 2115 expugnandam
980 2017 1125 2089 navibus
1143 2044 1201 2088 eos
1220 2018 1402 2102 adiuvisse,
1424 2019 1509 2090 mihi

335 2132 475 2205 obiiciat
517 2135 703 2207 concordes
744 2135 847 2206 luisse
880 2161 920 2205 ea
954 2143 1064 2206 aetate
1097 2133 1265 2218 civitatee,
1296 2134 1510 2206 obliviscitur

335 2247 437 2320 aliam
479 2276 579 2348 saepe
616 2277 686 2322 esse
727 2251 934 2322 sententiam
980 2266 1035 2322 τῶν
1059 2261 1087 2322 ἐν
1113 2260 1203 2331 τέλει,
1242 2251 1446 2346 plerumque
1475 2260 1508 2323 τὸ

335 2376 480 2452 mactata
504 2378 545 2455 τῷ
569 2376 669 2455 Σικκίῳ
695 2366 993 2450 antelmbentium,
1014 2367 1117 2438 aliam
1137 2380 1192 2437 τῶν
1216 2380 1315 2437 κακῶν
1339 2372 1508 2451 natata,

335 2482 396 2577 qui
424 2510 442 2554 e
470 2484 562 2555 iusto
590 2483 751 2578 bonoque
779 2491 851 2553 tam
889 2483 978 2553 lacta.
1005 2508 1111 2578 quam
1140 2482 1295 2553 homines
1313 2482 1506 2554 aestimant.

335 2598 440 2673 Quod
456 2598 687 2695 pulcherrime
701 2599 895 2669 illustratur
913 2597 1072 2693 malignis
1091 2598 1214 2681 verbis,
1236 2597 1364 2692 quihus
1380 2598 1508 2669 Aristo·

335 2713 463 2809 phanes
497 2715 659 2804 (Acheru.
700 2718 788 2800 155)
815 2713 963 2784 Thraces
992 2713 1129 2810 publice
1158 2713 1377 2784 Athenarum
1407 2714 1509 2810 parti·

335 2829 400 2900 hus
427 2830 609 2902 adiunctos
636 2829 846 2926 perstrinxit.

389 2946 616 3044 Euripidesne
637 2946 745 3039 igitur
759 2946 794 3016 iu
816 2944 1057 3016 Macedoniam
1077 2944 1237 3016 abiturus
1256 2944 1380 3040 optimi
1395 2943 1508 3014 cuius-

334 3086 402 3155 que
443 3063 647 3134 seutentiam
690 3062 734 3133 de
778 3061 843 3138 hoc
885 3061 1059 3158 proposito
1096 3060 1303 3156 contempsit
1340 3060 1507 3155 nihilique

334 3176 459 3249 duxit?
487 3179 550 3262 lta,
581 3178 644 3248 nisi
674 3203 775 3248 eausa
802 3176 917 3271 aliqua
947 3202 1008 3247 uos
1027 3177 1147 3260 luteat3
1180 3202 1362 3271 namquuc
1382 3175 1507 3246 trmlitu

332 3296 529 3391 accepimus
556 3320 596 3365 co
625 3320 686 3364 nos
714 3293 980 3388 dueunt'atque
1017 3302 1148 3388 coguut
1180 3300 1218 3363 ut
1236 3292 1284 3363 sic
1303 3300 1504 3363 statuamus.

288 3503 292 3512 Ι
334 3411 581 3482 Commotusne
609 3419 659 3480 est
686 3410 761 3480 auri
790 3435 885 3480 soem
912 3410 1023 3480 hune?
1057 3409 1166 3479 Doleo
1195 3407 1254 3478 sed
1285 3432 1407 3500 negare
1439 3432 1505 3477 uon

334 3552 483 3622 possum.
514 3529 561 3597 At
588 3525 724 3621 perlege
752 3524 880 3621 quihus
909 3524 1062 3595 versihus
1090 3525 1275 3595 immanem
1297 3523 1507 3617 Polymesto-

334 3667 404 3713 rem
447 3642 622 3739 depinxit!
671 3641 766 3724 scia
810 3640 991 3737 scriptores
1032 3665 1111 3710 vcro
1153 3639 1310 3710 ‹unuium
1353 3647 1504 3709 aetatum

333 3783 524 3855 nunupuun
554 3766 588 3830 et
616 3782 788 3852 nusquam
816 3757 971 3851 inirpmm
1002 3756 1112 3849 legem
1142 3756 1177 3827 iu
1206 3783 1240 3826 se
1269 3755 1360 3850 ipsos
1388 3779 1505 3824 sanxe-

334 3883 427 3958 runt,
470 3901 539 3970 qua
581 3874 663 3970 ipsis
704 3872 894 3943 secundum
940 3881 1116 3969 praecepta
1160 3872 1194 3943 iu
1230 3870 1326 3942 libris
1368 3868 1506 3940 laudata

333 3990 520 4062 vivendum
548 3998 645 4061 esset.

386 4107 482 4179 'lhlia
520 4133 598 4178 rere
635 4106 678 4177 de
712 4113 827 4175 nostro
863 4113 965 4199 pocta
991 4104 1019 4175 si
1047 4105 1104 4175 eui
1132 4103 1236 4175 nimis
1263 4101 1384 4173 acerhc
1413 4099 1506 4171 (licta

334 4222 527 4306 videantur,
556 4221 767 4317 aemritatem
796 4245 908 4290 memn
939 4219 1082 4315 prolmre
1101 4220 1263 4301 eorrahor,
1284 4215 1505 4288 defendendo

333 4364 413 4409 eum
442 4365 462 4409 a
488 4339 642 4433 graviore
672 4336 827 4415 crimine,
857 4335 952 4430 quod
980 4336 1041 4431 qui
1069 4336 1172 4407 vcrha
1204 4333 1354 4405 Platonis
1382 4333 1502 4426 (Gorg.

333 4455 467 4541 4710)
496 4480 576 4525 cum
606 4450 763 4524 Archelai
792 4450 928 4522 hilmlae
949 4450 1149 4545 fragmentis
1166 4449 1383 4546 compararit,
1405 4447 1504 4519 facile

333 4569 366 4641 ei
396 4569 593 4667 imputabit.
625 4568 789 4638 Refertur
817 4566 852 4636 in
881 4564 980 4637 Vita:
