3704 5484
895 470 945 540 40

333 680 403 753 and
437 681 495 752 the
532 681 690 753 shadows
724 682 763 752 ol
795 681 1044 778 impopnlarity
1073 706 1162 752 urere
1190 680 1340 777 possibly
1368 679 1507 776 already

334 797 516 892 gathering
543 797 657 869 round
686 797 738 868 his
766 797 879 869 friend
906 798 1072 881 Socrates,
1102 797 1203 868 while
1232 796 1442 880 Alcibiades,
1470 797 1505 867 in

335 913 471 985 honour
504 914 543 984 of
575 913 689 984 whose
724 913 887 1010 Olympio
921 914 1052 1009 victory
1090 914 1132 985 hc
1169 913 1239 984 had
1271 912 1455 1010 composed
1487 939 1508 983 a

333 1055 419 1126 song
447 1031 485 1101 ol
509 1029 676 1125 triumph,
707 1055 777 1100 was
804 1055 883 1101 now
911 1056 931 1101 a
961 1029 1176 1101 condemned
1206 1029 1334 1101 exile.'’

389 1146 589 1219 ltaneverol
626 1153 696 1216 tam
731 1170 832 1240 aegre
865 1146 947 1217 tulit
984 1144 1175 1217 Alcibiadis
1202 1145 1345 1217 exilium
1374 1153 1414 1216 ut
1440 1153 1509 1216 tae·

336 1263 451 1335 duerit
479 1261 723 1333 Athenarum?
752 1262 912 1358 Agedum
936 1262 1080 1359 propius
1098 1261 1286 1333 amicitiam
1306 1261 1507 1345 Alcibiadis,

336 1404 442 1475 quam
470 1378 520 1449 vir
547 1377 670 1450 doctus
697 1386 825 1474 crepat,
855 1387 1060 1475 spectemur,
1089 1386 1262 1474 testesque
1289 1377 1433 1450 idoneos
1459 1377 1510 1448 in·

336 1504 561 1591 terrogemus.

391 1609 576 1685 Plutarcho
603 1618 743 1681 anctore
772 1611 860 1700 (Alc.
881 1610 960 1682 Vita
975 1611 1041 1699 xl)
1071 1610 1255 1707 Euripides
1283 1611 1454 1706 hymnum
1474 1610 1509 1681 in

338 1726 529 1801 Alcibiadis
555 1726 721 1797 honorem
750 1727 955 1823 composuit,
986 1727 1085 1799 cuius
1113 1727 1267 1798 initium:

382 1881 416 1945 σὲ
440 1879 606 1954 δἐὶείσομκι
631 1872 650 1939 ὦ
676 1878 803 1941 Κλεινίου
828 1885 894 1941 axi.
919 1880 1009 1942 acab
1034 1879 1054 1942 ei
1078 1879 1154 1942 aiax·
1179 1878 1341 1942 uerrere
1367 1877 1405 1949 δ’,
1427 1879 1512 1954 ὁμη-

339 1997 396 2070 δεὶς
421 1994 513 2067 ἄλλος
535 1992 699 2064 Ἑλλάνων,
721 1991 835 2072 ἕρματι
856 2002 959 2073 πρῶται
980 1995 1111 2074 δραιμεῑῑκ,
1132 1996 1183 2058 axi
1204 1996 1326 2073 δεύτεραι
1346 1994 1397 2058 axi
1414 1994 1512 2073 τρίται.

339 2114 428 2190 βῆναι
452 2108 605 2184 δἀὶπσνητὶ
628 2133 656 2172 κ.
671 2132 700 2171 τ.
716 2123 743 2172 λ.

393 2246 461 2318 Sed
503 2270 572 2341 quo
609 2254 762 2340 tompore
797 2246 1012 2342 composuit?
1047 2246 1093 2317 Ni
1122 2246 1221 2318 fallor
1248 2247 1351 2318 verba
1378 2247 1514 2342 'lhncy-

340 2363 432 2435 didis
460 2362 521 2433 Vl.
545 2364 605 2443 lo,
637 2359 697 2431 nbi
727 2361 922 2432 Alcibiades
949 2362 1173 2458 senretipsmn
1189 2363 1322 2434 civibus
1341 2388 1515 2434 commen·

340 2480 426 2552 (lans
454 2479 543 2549 inter
570 2476 637 2548 alia
664 2476 777 2548 nlliut:
817 2483 945 2564 ,ἕρμκτκ
978 2486 1059 2549 ἑπτὰ
1091 2484 1217 2561 καθῆκα
1248 2483 1303 2550 ὅσοι
1339 2486 1429 2559 cobet,-
1468 2511 1515 2549 ,τω

343 2605 454 2679 ἰδιώτης
486 2604 629 2682 πρότερον,
661 2600 781 2676 ἑνίκησκ
813 2602 843 2665 δὲ
885 2603 935 2666 cxl
968 2603 1099 2681 δεύτερος
1132 2603 1182 2665 axi
1207 2604 1349 2681 τέτκρτσς
1373 2595 1453 2683 (siul
1482 2595 1518 2666 cf

342 2714 445 2785 lsocr.
468 2712 565 2783 xvi.
590 2702 825 2796 :illesam
850 2711 1027 2782 victoriani
1049 2710 1092 2781 ab
1113 2711 1280 2807 Euripide
1294 2698 1514 2783 (solidantem.

342 2836 507 2925 spectant.
545 2827 618 2899 Nec
654 2830 821 2900 miramur·
859 2835 993 2923 poetam
1024 2827 1117 2898 illius
1146 2826 1336 2898 Alcibiadis
1363 2828 1452 2898 lacta
1479 2828 1515 2898 in

343 2944 476 3014 coelum
513 2945 687 3029 extulisse,
717 2945 777 3040 qni
808 2943 964 3015 nondum
1007 2943 1116 3014 ullum
1161 2943 1271 3014 seclus
1305 2944 1339 3014 in
1371 2943 1515 3040 patriam

344 3060 584 3137 commisisset:
621 3088 673 3133 res
700 3064 770 3133 fere
798 3061 910 3131 (licam
940 3060 1013 3156 ipsa.
1041 3060 1166 3130 claritat
1195 3059 1397 3156 lluripiilem
1425 3085 1517 3131 ciritio

346 3180 420 3247 silc
459 3175 592 3247 (liniae
629 3179 700 3249 lilio
737 3177 848 3248 ainrico
883 3202 954 3247 esse
992 3202 1104 3259 rrsrrm,
1137 3202 1213 3246 nam
1252 3175 1388 3246 stalmnt
1415 3176 1518 3246 nisibe

345 3293 431 3364 (licis
450 3317 551 3363 ‹airisa
569 3320 588 3363 a
611 3295 729 3391 populi
752 3293 905 3390 partibus
923 3292 1184 3387 probabantrpre
1209 3292 1392 3388 imperinm
1408 3318 1519 3389 popm·

346 3409 425 3479 lare.
456 3408 553 3482 Quid
583 3419 698 3480 antem
728 3412 811 3480 lmec
839 3408 955 3478 ‹irrrrria
983 3408 1026 3477 ad
1055 3434 1187 3478 annmn
1217 3412 1317 3479 408¹?
1352 3412 1403 3478 An
1432 3410 1519 3480 forte

346 3525 527 3596 credamus
555 3526 666 3596 sirum
686 3526 908 3596 arnbitiosinn
929 3524 1032 3594 etiam
1053 3533 1128 3594 tum
1152 3534 1270 3620 pmttac
1290 3550 1370 3595 vero
1391 3525 1519 3621 patrino

346 3666 461 3712 airrrore
488 3641 647 3735 flagranti
675 3642 718 3711 ab
746 3642 866 3712 :istricis
894 3641 1008 3719 luisse,
1040 3665 1117 3711 cum
1148 3668 1167 3710 a
1196 3641 1371 3737 Sprrrtnnis
1399 3644 1521 3736 utllp-

348 3757 483 3853 lippum
517 3758 551 3826 in
588 3758 738 3829 Siciliam
783 3758 969 3838 mitterent,
1016 3767 1053 3827 nt
1087 3755 1267 3827 llecelcam
1298 3770 1519 3853 (aestimarent,

348 3883 387 3944 nt
415 3898 495 3944 (ullu
525 3874 635 3945 l'ersis
663 3874 789 3944 inirent
818 3873 950 3955 lberlus,
981 3873 1216 3968 impetrasset?
1241 3874 1353 3967 Negas
1374 3884 1408 3944 et
1431 3882 1521 3944 recte
1573 3888 1576 3897 '

348 3989 451 4062 credo
482 4016 593 4085 negas.
629 3992 744 4061 Exstat
771 4016 850 4059 sero
879 3990 1005 4060 certius
1033 3988 1301 4073 documentnnr;
1332 4016 1410 4060 iram
1440 4016 1521 4061 cnm

351 4109 526 4177 llamnnm
572 4107 604 4176 in
648 4106 766 4177 tabula.
807 4106 998 4200 Aeschylus
1039 4117 1073 4176 et
1119 4105 1297 4201 lhnipides
1331 4133 1351 4176 a
1389 4107 1522 4177 llaccho

350 4222 460 4316 rogati
488 4247 566 4292 snas
593 4223 636 4292 ‹le-
665 4222 845 4292 Alcibiade
874 4222 1058 4292 sententias
1087 4232 1278 4317 exponunt,
1309 4223 1394 4318 quid
1428 4224 1522 4295 lhni·

353 4337 448 4435 pidcs
485 4340 637 4433 profert?
666 4337 789 4426 Quid?

619 4525 695 4595 μισῶ
721 4518 853 4592 achivae,
879 4514 957 4590 ἵστις
982 4521 1107 4596 ἀφελεῖν
1132 4519 1249 4597 mirem
