<?xml version="1.0" encoding="UTF-8"?>
<!DOCTYPE html PUBLIC "-//W3C//DTD XHTML 1.0 Transitional//EN"
    "http://www.w3.org/TR/xhtml1/DTD/xhtml1-transitional.dtd">
<html xmlns="http://www.w3.org/1999/xhtml" xml:lang="en" lang="en">
 <head>
  <title>
</title>
<meta http-equiv="Content-Type" content="text/html;charset=utf-8" />
  <meta name='ocr-system' content='tesseract 3.04.00' />
  <meta name='ocr-capabilities' content='ocr_page ocr_carea ocr_par ocr_line ocrx_word'/>
</head>
<body>
  <div class='ocr_page' id='page_1' title='image "./deeuripidisbacc00vrgoog_0117.png"; bbox 0 0 3398 5438; ppageno 0'>
   <div class='ocr_carea' id='block_1_1' title="bbox 833 498 906 567">
    <p class='ocr_par' dir='ltr' id='par_1_1' title="bbox 833 498 906 567">
     <span class='ocr_line' id='line_1_1' title="bbox 833 498 906 567; baseline -0.027 0"><span class='ocrx_word' id='word_1_1' title='bbox 833 498 906 567; x_wconf 81' lang='lat'>110</span> 
     </span>
    </p>
   </div>
   <div class='ocr_carea' id='block_1_2' title="bbox 193 707 1559 4167">
    <p class='ocr_par' dir='ltr' id='par_1_2' title="bbox 280 707 1458 1386">
     <span class='ocr_line' id='line_1_2' title="bbox 280 707 1457 795; baseline -0.006 -10"><span class='ocrx_word' id='word_1_2' title='bbox 280 712 454 785; x_wconf 78' lang='lat' dir='ltr'>deducat?</span> <span class='ocrx_word' id='word_1_3' title='bbox 481 710 677 783; x_wconf 82' lang='lat' dir='ltr'>Audiamus</span> <span class='ocrx_word' id='word_1_4' title='bbox 705 709 808 782; x_wconf 91' lang='lat' dir='ltr'>modo</span> <span class='ocrx_word' id='word_1_5' title='bbox 837 709 943 780; x_wconf 89' lang='lat' dir='ltr'>deum</span> <span class='ocrx_word' id='word_1_6' title='bbox 972 717 1051 781; x_wconf 67' lang='lat' dir='ltr'>aava</span> <span class='ocrx_word' id='word_1_7' title='bbox 1071 722 1184 795; x_wconf 75' lang='grc' dir='ltr'><em>σεμνῶς</em></span> <span class='ocrx_word' id='word_1_8' title='bbox 1212 707 1457 779; x_wconf 86' lang='lat' dir='ltr'>vaticinantem</span> 
     </span>
     <span class='ocr_line' id='line_1_3' title="bbox 280 823 1456 920; baseline -0.005 -20"><span class='ocrx_word' id='word_1_9' title='bbox 280 829 380 900; x_wconf 87' lang='lat' dir='ltr'>haec:</span> <span class='ocrx_word' id='word_1_10' title='bbox 428 827 664 913; x_wconf 86' lang='lat' dir='ltr'>,‚Mutaberis,</span> <span class='ocrx_word' id='word_1_11' title='bbox 707 852 727 897; x_wconf 93' lang='lat' dir='ltr'>o</span> <span class='ocrx_word' id='word_1_12' title='bbox 769 825 916 910; x_wconf 86' lang='lat' dir='ltr'>Cadme,</span> <span class='ocrx_word' id='word_1_13' title='bbox 959 826 996 897; x_wconf 93' lang='lat' dir='ltr'>in</span> <span class='ocrx_word' id='word_1_14' title='bbox 1037 849 1206 920; x_wconf 79' lang='lat' dir='ltr'>anguem,</span> <span class='ocrx_word' id='word_1_15' title='bbox 1250 823 1332 895; x_wconf 89' lang='lat' dir='ltr'>dein</span> <span class='ocrx_word' id='word_1_16' title='bbox 1375 848 1456 895; x_wconf 88' lang='lat' dir='ltr'>curn</span> 
     </span>
     <span class='ocr_line' id='line_1_4' title="bbox 282 939 1457 1037; baseline -0.006 -21"><span class='ocrx_word' id='word_1_17' title='bbox 282 969 388 1016; x_wconf 81' lang='lat' dir='ltr'>uxore</span> <span class='ocrx_word' id='word_1_18' title='bbox 415 944 453 1015; x_wconf 94' lang='lat' dir='ltr'>in</span> <span class='ocrx_word' id='word_1_19' title='bbox 480 942 591 1015; x_wconf 91' lang='lat' dir='ltr'>simile</span> <span class='ocrx_word' id='word_1_20' title='bbox 619 942 746 1014; x_wconf 87' lang='lat' dir='ltr'>animal</span> <span class='ocrx_word' id='word_1_21' title='bbox 773 943 1016 1037; x_wconf 85' lang='lat' dir='ltr'>transfigurata</span> <span class='ocrx_word' id='word_1_22' title='bbox 1035 939 1243 1013; x_wconf 81' lang='lat' dir='ltr'>conscendes</span> <span class='ocrx_word' id='word_1_23' title='bbox 1262 940 1457 1036; x_wconf 86' lang='lat' dir='ltr'>plaustrum</span> 
     </span>
     <span class='ocr_line' id='line_1_5' title="bbox 282 1055 1458 1144; baseline -0.004 -13"><span class='ocrx_word' id='word_1_24' title='bbox 282 1060 398 1131; x_wconf 88' lang='lat' dir='ltr'>bubus</span> <span class='ocrx_word' id='word_1_25' title='bbox 445 1059 617 1144; x_wconf 89' lang='lat' dir='ltr'>iunctum,</span> <span class='ocrx_word' id='word_1_26' title='bbox 660 1058 754 1130; x_wconf 88' lang='lat' dir='ltr'>undo</span> <span class='ocrx_word' id='word_1_27' title='bbox 795 1057 868 1130; x_wconf 87' lang='lat' dir='ltr'>dux</span> <span class='ocrx_word' id='word_1_28' title='bbox 911 1058 1136 1130; x_wconf 89' lang='lat' dir='ltr'>barbarorum</span> <span class='ocrx_word' id='word_1_29' title='bbox 1178 1057 1289 1128; x_wconf 89' lang='lat' dir='ltr'>factus</span> <span class='ocrx_word' id='word_1_30' title='bbox 1330 1055 1458 1137; x_wconf 86' lang='lat' dir='ltr'>multas</span> 
     </span>
     <span class='ocr_line' id='line_1_6' title="bbox 283 1170 1458 1271; baseline -0.005 -23"><span class='ocrx_word' id='word_1_31' title='bbox 283 1176 386 1248; x_wconf 87' lang='lat' dir='ltr'>urbes</span> <span class='ocrx_word' id='word_1_32' title='bbox 425 1175 592 1248; x_wconf 86' lang='lat' dir='ltr'>evertes.’&#39;</span> <span class='ocrx_word' id='word_1_33' title='bbox 649 1174 730 1246; x_wconf 92' lang='lat' dir='ltr'>Non</span> <span class='ocrx_word' id='word_1_34' title='bbox 770 1174 886 1271; x_wconf 85' lang='lat' dir='ltr'>potuit</span> <span class='ocrx_word' id='word_1_35' title='bbox 922 1174 1008 1269; x_wconf 89' lang='lat' dir='ltr'>quin</span> <span class='ocrx_word' id='word_1_36' title='bbox 1037 1178 1275 1261; x_wconf 67' lang='grc' dir='ltr'>ὁπτσλίπορθος</span> <span class='ocrx_word' id='word_1_37' title='bbox 1304 1170 1458 1243; x_wconf 88' lang='lat' dir='ltr'>Cadmus</span> 
     </span>
     <span class='ocr_line' id='line_1_7' title="bbox 281 1289 947 1386; baseline -0.005 -23"><span class='ocrx_word' id='word_1_38' title='bbox 281 1292 319 1363; x_wconf 89' lang='lat' dir='ltr'>in</span> <span class='ocrx_word' id='word_1_39' title='bbox 346 1292 454 1363; x_wconf 90' lang='lat' dir='ltr'>risum</span> <span class='ocrx_word' id='word_1_40' title='bbox 481 1289 610 1362; x_wconf 88' lang='lat' dir='ltr'>effusus</span> <span class='ocrx_word' id='word_1_41' title='bbox 637 1289 740 1362; x_wconf 85' lang='lat' dir='ltr'>verba</span> <span class='ocrx_word' id='word_1_42' title='bbox 767 1290 947 1386; x_wconf 89' lang='lat' dir='ltr'>acceperit.</span> 
     </span>
    </p>

    <p class='ocr_par' dir='ltr' id='par_1_3' title="bbox 283 1403 1559 2315">
     <span class='ocr_line' id='line_1_8' title="bbox 336 1403 1459 1502; baseline -0.002 -25"><span class='ocrx_word' id='word_1_43' title='bbox 336 1407 404 1479; x_wconf 85' lang='lat' dir='ltr'>Sed</span> <span class='ocrx_word' id='word_1_44' title='bbox 432 1432 505 1491; x_wconf 91' lang='lat' dir='ltr'>nos,</span> <span class='ocrx_word' id='word_1_45' title='bbox 534 1431 695 1479; x_wconf 87' lang='lat' dir='ltr'>reverane</span> <span class='ocrx_word' id='word_1_46' title='bbox 722 1404 895 1477; x_wconf 89' lang='lat' dir='ltr'>credimus</span> <span class='ocrx_word' id='word_1_47' title='bbox 922 1414 1140 1502; x_wconf 86' lang='lat' dir='ltr'>spectatores,</span> <span class='ocrx_word' id='word_1_48' title='bbox 1170 1430 1322 1501; x_wconf 89' lang='lat' dir='ltr'>quorum</span> <span class='ocrx_word' id='word_1_49' title='bbox 1349 1403 1459 1475; x_wconf 90' lang='lat' dir='ltr'>maior</span> 
     </span>
     <span class='ocr_line' id='line_1_9' title="bbox 283 1520 1459 1620; baseline -0.003 -26"><span class='ocrx_word' id='word_1_50' title='bbox 283 1550 361 1620; x_wconf 89' lang='lat' dir='ltr'>pars</span> <span class='ocrx_word' id='word_1_51' title='bbox 401 1522 523 1595; x_wconf 90' lang='lat' dir='ltr'>subtili</span> <span class='ocrx_word' id='word_1_52' title='bbox 549 1522 769 1619; x_wconf 80' lang='lat' dir='ltr'>elegantique</span> <span class='ocrx_word' id='word_1_53' title='bbox 796 1547 897 1594; x_wconf 90' lang='lat' dir='ltr'>sensu</span> <span class='ocrx_word' id='word_1_54' title='bbox 925 1531 1012 1594; x_wconf 88' lang='lat' dir='ltr'>esset</span> <span class='ocrx_word' id='word_1_55' title='bbox 1038 1521 1207 1618; x_wconf 88' lang='lat' dir='ltr'>praedita,</span> <span class='ocrx_word' id='word_1_56' title='bbox 1237 1520 1321 1592; x_wconf 88' lang='lat' dir='ltr'>tales</span> <span class='ocrx_word' id='word_1_57' title='bbox 1349 1545 1459 1615; x_wconf 90' lang='lat' dir='ltr'>nugas</span> 
     </span>
     <span class='ocr_line' id='line_1_10' title="bbox 283 1636 1460 1735; baseline -0.003 -25"><span class='ocrx_word' id='word_1_58' title='bbox 283 1664 393 1735; x_wconf 88' lang='lat' dir='ltr'>aequa</span> <span class='ocrx_word' id='word_1_59' title='bbox 420 1649 535 1711; x_wconf 87' lang='lat' dir='ltr'>mente</span> <span class='ocrx_word' id='word_1_60' title='bbox 563 1638 733 1711; x_wconf 90' lang='lat' dir='ltr'>audivisse</span> <span class='ocrx_word' id='word_1_61' title='bbox 762 1664 842 1710; x_wconf 92' lang='lat' dir='ltr'>curn</span> <span class='ocrx_word' id='word_1_62' title='bbox 871 1638 1032 1735; x_wconf 84' lang='lat' dir='ltr'>Aeschyli</span> <span class='ocrx_word' id='word_1_63' title='bbox 1060 1638 1197 1710; x_wconf 82' lang='lat' dir='ltr'>Orestia</span> <span class='ocrx_word' id='word_1_64' title='bbox 1216 1636 1286 1708; x_wconf 84' lang='lat' dir='ltr'>frui</span> <span class='ocrx_word' id='word_1_65' title='bbox 1305 1636 1460 1733; x_wconf 81' lang='lat' dir='ltr'>possent?</span> 
     </span>
     <span class='ocr_line' id='line_1_11' title="bbox 283 1754 1460 1850; baseline -0.004 -23"><span class='ocrx_word' id='word_1_66' title='bbox 283 1755 376 1827; x_wconf 92' lang='lat' dir='ltr'>Nam</span> <span class='ocrx_word' id='word_1_67' title='bbox 402 1754 483 1826; x_wconf 88' lang='lat' dir='ltr'>licet</span> <span class='ocrx_word' id='word_1_68' title='bbox 510 1779 613 1850; x_wconf 90' lang='lat' dir='ltr'>supra</span> <span class='ocrx_word' id='word_1_69' title='bbox 640 1754 684 1827; x_wconf 92' lang='lat' dir='ltr'>de</span> <span class='ocrx_word' id='word_1_70' title='bbox 712 1754 941 1850; x_wconf 88' lang='lat' dir='ltr'>discrepantia</span> <span class='ocrx_word' id='word_1_71' title='bbox 968 1778 1057 1849; x_wconf 88' lang='lat' dir='ltr'>quac</span> <span class='ocrx_word' id='word_1_72' title='bbox 1085 1755 1176 1825; x_wconf 90' lang='lat' dir='ltr'>inter</span> <span class='ocrx_word' id='word_1_73' title='bbox 1194 1778 1257 1824; x_wconf 91' lang='lat' dir='ltr'>nos</span> <span class='ocrx_word' id='word_1_74' title='bbox 1275 1761 1310 1824; x_wconf 88' lang='lat' dir='ltr'>ot</span> <span class='ocrx_word' id='word_1_75' title='bbox 1331 1760 1460 1823; x_wconf 84' lang='lat' dir='ltr'>veteres</span> 
     </span>
     <span class='ocr_line' id='line_1_12' title="bbox 284 1869 1457 1966; baseline -0.003 -24"><span class='ocrx_word' id='word_1_76' title='bbox 284 1869 468 1942; x_wconf 86' lang='lat' dir='ltr'>intercedit</span> <span class='ocrx_word' id='word_1_77' title='bbox 509 1870 646 1942; x_wconf 89' lang='lat' dir='ltr'>locutus</span> <span class='ocrx_word' id='word_1_78' title='bbox 686 1870 763 1953; x_wconf 89' lang='lat' dir='ltr'>sim,</span> <span class='ocrx_word' id='word_1_79' title='bbox 793 1870 1032 1966; x_wconf 90' lang='lat' dir='ltr'>unusquisque</span> <span class='ocrx_word' id='word_1_80' title='bbox 1061 1869 1237 1964; x_wconf 85' lang='lat' dir='ltr'>intelligit,</span> <span class='ocrx_word' id='word_1_81' title='bbox 1267 1893 1361 1941; x_wconf 91' lang='lat' dir='ltr'>nunc</span> <span class='ocrx_word' id='word_1_82' title='bbox 1389 1894 1457 1939; x_wconf 90' lang='lat' dir='ltr'>non</span> 
     </span>
     <span class='ocr_line' id='line_1_13' title="bbox 285 1984 1460 2081; baseline -0.003 -24"><span class='ocrx_word' id='word_1_83' title='bbox 285 1986 329 2058; x_wconf 90' lang='lat' dir='ltr'>dc</span> <span class='ocrx_word' id='word_1_84' title='bbox 370 2011 472 2057; x_wconf 88' lang='lat' dir='ltr'>sensu</span> <span class='ocrx_word' id='word_1_85' title='bbox 513 1985 667 2081; x_wconf 93' lang='lat' dir='ltr'>quodam</span> <span class='ocrx_word' id='word_1_86' title='bbox 707 1986 801 2057; x_wconf 84' lang='lat' dir='ltr'>vario</span> <span class='ocrx_word' id='word_1_87' title='bbox 829 1994 864 2057; x_wconf 88' lang='lat' dir='ltr'>ot</span> <span class='ocrx_word' id='word_1_88' title='bbox 892 1985 1026 2057; x_wconf 88' lang='lat' dir='ltr'>diverso</span> <span class='ocrx_word' id='word_1_89' title='bbox 1053 1986 1122 2079; x_wconf 89' lang='lat' dir='ltr'>agi,</span> <span class='ocrx_word' id='word_1_90' title='bbox 1152 1984 1213 2057; x_wconf 89' lang='lat' dir='ltr'>sed</span> <span class='ocrx_word' id='word_1_91' title='bbox 1240 1985 1329 2056; x_wconf 89' lang='lat' dir='ltr'>hanc</span> <span class='ocrx_word' id='word_1_92' title='bbox 1356 1984 1460 2080; x_wconf 91' lang='lat' dir='ltr'>potis-</span> 
     </span>
     <span class='ocr_line' id='line_1_14' title="bbox 285 2101 1559 2198; baseline -0.003 -25"><span class='ocrx_word' id='word_1_93' title='bbox 285 2101 413 2173; x_wconf 90' lang='lat' dir='ltr'>simum</span> <span class='ocrx_word' id='word_1_94' title='bbox 455 2101 584 2173; x_wconf 87' lang='lat' dir='ltr'>moveri</span> <span class='ocrx_word' id='word_1_95' title='bbox 615 2103 871 2198; x_wconf 85' lang='lat' dir='ltr'>quaestionem:</span> <span class='ocrx_word' id='word_1_96' title='bbox 902 2110 1021 2173; x_wconf 90' lang='lat' dir='ltr'>utrum</span> <span class='ocrx_word' id='word_1_97' title='bbox 1049 2101 1185 2196; x_wconf 86' lang='lat' dir='ltr'>antiqui</span> <span class='ocrx_word' id='word_1_98' title='bbox 1212 2101 1341 2173; x_wconf 87' lang='lat' dir='ltr'>fuerint</span> <span class='ocrx_word' id='word_1_99' title='bbox 1370 2125 1460 2171; x_wconf 92' lang='lat' dir='ltr'>com·</span> <span class='ocrx_word' id='word_1_100' title='bbox 1549 2123 1559 2142; x_wconf 78' lang='lat'><strong><em>‘</em></strong></span> 
     </span>
     <span class='ocr_line' id='line_1_15' title="bbox 286 2217 682 2315; baseline -0.003 -26"><span class='ocrx_word' id='word_1_101' title='bbox 286 2225 384 2315; x_wconf 88' lang='lat' dir='ltr'>potes</span> <span class='ocrx_word' id='word_1_102' title='bbox 411 2217 537 2289; x_wconf 89' lang='lat' dir='ltr'>mentis</span> <span class='ocrx_word' id='word_1_103' title='bbox 563 2242 682 2289; x_wconf 88' lang='lat' dir='ltr'>necne.</span> 
     </span>
    </p>

    <p class='ocr_par' dir='ltr' id='par_1_4' title="bbox 341 2332 1351 2429">
     <span class='ocr_line' id='line_1_16' title="bbox 341 2332 1351 2429; baseline -0.003 -24"><span class='ocrx_word' id='word_1_104' title='bbox 341 2334 488 2405; x_wconf 80' lang='lat' dir='ltr'>Ferreus</span> <span class='ocrx_word' id='word_1_105' title='bbox 515 2333 608 2404; x_wconf 92' lang='lat' dir='ltr'>enirn</span> <span class='ocrx_word' id='word_1_106' title='bbox 635 2333 679 2405; x_wconf 90' lang='lat' dir='ltr'>sit</span> <span class='ocrx_word' id='word_1_107' title='bbox 706 2358 842 2406; x_wconf 88' lang='lat' dir='ltr'>necesse</span> <span class='ocrx_word' id='word_1_108' title='bbox 871 2341 920 2405; x_wconf 91' lang='lat' dir='ltr'>est</span> <span class='ocrx_word' id='word_1_109' title='bbox 948 2334 1011 2429; x_wconf 88' lang='lat' dir='ltr'>qui</span> <span class='ocrx_word' id='word_1_110' title='bbox 1037 2332 1120 2404; x_wconf 88' lang='lat' dir='ltr'>talia</span> <span class='ocrx_word' id='word_1_111' title='bbox 1147 2340 1351 2428; x_wconf 85' lang='lat' dir='ltr'>concoquat.</span> 
     </span>
    </p>

    <p class='ocr_par' dir='ltr' id='par_1_5' title="bbox 287 2446 1462 2778">
     <span class='ocr_line' id='line_1_17' title="bbox 341 2446 1461 2545; baseline -0.002 -25"><span class='ocrx_word' id='word_1_112' title='bbox 341 2449 418 2521; x_wconf 91' lang='lat' dir='ltr'>Scio</span> <span class='ocrx_word' id='word_1_113' title='bbox 445 2449 547 2545; x_wconf 91' lang='lat' dir='ltr'>plura</span> <span class='ocrx_word' id='word_1_114' title='bbox 574 2449 712 2522; x_wconf 92' lang='lat' dir='ltr'>oracula</span> <span class='ocrx_word' id='word_1_115' title='bbox 738 2449 888 2521; x_wconf 86' lang='lat' dir='ltr'>ridicula</span> <span class='ocrx_word' id='word_1_116' title='bbox 914 2450 950 2521; x_wconf 97' lang='lat' dir='ltr'>in</span> <span class='ocrx_word' id='word_1_117' title='bbox 979 2447 1167 2545; x_wconf 89' lang='lat' dir='ltr'>tragoediis</span> <span class='ocrx_word' id='word_1_118' title='bbox 1194 2447 1392 2544; x_wconf 87' lang='lat' dir='ltr'>Euripideis</span> <span class='ocrx_word' id='word_1_119' title='bbox 1411 2446 1461 2518; x_wconf 89' lang='lat' dir='ltr'>in-</span> 
     </span>
     <span class='ocr_line' id='line_1_18' title="bbox 287 2563 1462 2661; baseline -0.003 -25"><span class='ocrx_word' id='word_1_120' title='bbox 287 2564 408 2649; x_wconf 85' lang='lat' dir='ltr'>veniri,</span> <span class='ocrx_word' id='word_1_121' title='bbox 447 2564 562 2636; x_wconf 88' lang='lat' dir='ltr'>nescio</span> <span class='ocrx_word' id='word_1_122' title='bbox 599 2574 716 2638; x_wconf 87' lang='lat' dir='ltr'>autern</span> <span class='ocrx_word' id='word_1_123' title='bbox 750 2591 866 2638; x_wconf 91' lang='lat' dir='ltr'>annon</span> <span class='ocrx_word' id='word_1_124' title='bbox 899 2590 953 2637; x_wconf 84' lang='lat' dir='ltr'>ars</span> <span class='ocrx_word' id='word_1_125' title='bbox 980 2565 1098 2637; x_wconf 87' lang='lat' dir='ltr'>critica</span> <span class='ocrx_word' id='word_1_126' title='bbox 1124 2565 1161 2636; x_wconf 93' lang='lat' dir='ltr'>in</span> <span class='ocrx_word' id='word_1_127' title='bbox 1189 2564 1329 2661; x_wconf 87' lang='lat' dir='ltr'>ineptiis</span> <span class='ocrx_word' id='word_1_128' title='bbox 1356 2563 1462 2634; x_wconf 88' lang='lat' dir='ltr'>huius</span> 
     </span>
     <span class='ocr_line' id='line_1_19' title="bbox 288 2680 1461 2778; baseline -0.004 -25"><span class='ocrx_word' id='word_1_129' title='bbox 288 2680 469 2776; x_wconf 83' lang='lat' dir='ltr'>farraginis</span> <span class='ocrx_word' id='word_1_130' title='bbox 509 2681 585 2753; x_wconf 90' lang='lat' dir='ltr'>iure</span> <span class='ocrx_word' id='word_1_131' title='bbox 624 2682 816 2754; x_wconf 88' lang='lat' dir='ltr'>conniveat.</span> <span class='ocrx_word' id='word_1_132' title='bbox 861 2681 1034 2777; x_wconf 87' lang='lat' dir='ltr'>Equidem</span> <span class='ocrx_word' id='word_1_133' title='bbox 1073 2706 1213 2778; x_wconf 89' lang='lat' dir='ltr'>prorsus</span> <span class='ocrx_word' id='word_1_134' title='bbox 1252 2681 1339 2752; x_wconf 85' lang='lat' dir='ltr'>facio</span> <span class='ocrx_word' id='word_1_135' title='bbox 1381 2704 1461 2750; x_wconf 91' lang='lat' dir='ltr'>cum</span> 
     </span>
    </p>

    <p class='ocr_par' dir='ltr' id='par_1_6' title="bbox 254 2795 1460 2892">
     <span class='ocr_line' id='line_1_20' title="bbox 254 2795 1460 2892; baseline -0.002 -23"><span class='ocrx_word' id='word_1_136' title='bbox 254 2868 261 2884; x_wconf 73' lang='lat'>,</span> <span class='ocrx_word' id='word_1_137' title='bbox 289 2796 478 2869; x_wconf 87' lang='lat' dir='ltr'>Raurnerio</span> <span class='ocrx_word' id='word_1_138' title='bbox 506 2795 760 2892; x_wconf 88' lang='lat' dir='ltr'>(Vorlesungen</span> <span class='ocrx_word' id='word_1_139' title='bbox 789 2798 877 2870; x_wconf 77' lang='lat' dir='ltr'>fiber</span> <span class='ocrx_word' id='word_1_140' title='bbox 905 2797 962 2869; x_wconf 88' lang='lat' dir='ltr'>dio</span> <span class='ocrx_word' id='word_1_141' title='bbox 989 2796 1057 2869; x_wconf 90' lang='lat' dir='ltr'>alte</span> <span class='ocrx_word' id='word_1_142' title='bbox 1086 2797 1460 2891; x_wconf 79' lang='lat' dir='ltr'>Gesch.11370sqq.</span> 
     </span>
    </p>

    <p class='ocr_par' dir='ltr' id='par_1_7' title="bbox 193 2910 1489 4167">
     <span class='ocr_line' id='line_1_21' title="bbox 256 2910 1461 3009; baseline 0 -26"><span class='ocrx_word' id='word_1_143' title='bbox 256 2912 371 2984; x_wconf 84' lang='lat' dir='ltr'>·Vid.</span> <span class='ocrx_word' id='word_1_144' title='bbox 408 2912 560 2984; x_wconf 89' lang='lat' dir='ltr'>Bodium</span> <span class='ocrx_word' id='word_1_145' title='bbox 588 2913 644 2984; x_wconf 89' lang='grc' dir='ltr'>ΙΙΙ</span> <span class='ocrx_word' id='word_1_146' title='bbox 675 2917 777 3002; x_wconf 79' lang='lat'>517.)</span> <span class='ocrx_word' id='word_1_147' title='bbox 811 2914 877 2985; x_wconf 91' lang='lat' dir='ltr'>hoc</span> <span class='ocrx_word' id='word_1_148' title='bbox 905 2913 1107 2985; x_wconf 84' lang='lat' dir='ltr'>vaticinium</span> <span class='ocrx_word' id='word_1_149' title='bbox 1136 2912 1297 3009; x_wconf 85' lang='lat' dir='ltr'>Euripidi</span> <span class='ocrx_word' id='word_1_150' title='bbox 1325 2910 1461 2984; x_wconf 89' lang='lat' dir='ltr'>abiudi-</span> 
     </span>
     <span class='ocr_line' id='line_1_22' title="bbox 193 3028 1462 3135; baseline -0.002 -34"><span class='ocrx_word' id='word_1_151' title='bbox 193 3125 196 3135; x_wconf 95' lang='lat'>.</span> <span class='ocrx_word' id='word_1_152' title='bbox 289 3028 393 3113; x_wconf 86' lang='lat' dir='ltr'>canti,</span> <span class='ocrx_word' id='word_1_153' title='bbox 431 3053 645 3124; x_wconf 88' lang='lat' dir='ltr'>quamquam</span> <span class='ocrx_word' id='word_1_154' title='bbox 672 3055 742 3101; x_wconf 92' lang='lat' dir='ltr'>non</span> <span class='ocrx_word' id='word_1_155' title='bbox 771 3030 881 3102; x_wconf 90' lang='lat' dir='ltr'>habeo</span> <span class='ocrx_word' id='word_1_156' title='bbox 908 3055 971 3101; x_wconf 90' lang='lat' dir='ltr'>cur</span> <span class='ocrx_word' id='word_1_157' title='bbox 999 3029 1214 3102; x_wconf 88' lang='lat' dir='ltr'>Baccharum</span> <span class='ocrx_word' id='word_1_158' title='bbox 1242 3028 1376 3100; x_wconf 87' lang='lat' dir='ltr'>exitum</span> <span class='ocrx_word' id='word_1_159' title='bbox 1404 3031 1462 3099; x_wconf 80' lang='lat' dir='ltr'>rui-</span> 
     </span>
     <span class='ocr_line' id='line_1_23' title="bbox 289 3143 1463 3242; baseline -0.002 -25"><span class='ocrx_word' id='word_1_160' title='bbox 289 3147 364 3217; x_wconf 73' lang='lat' dir='ltr'>nori</span> <span class='ocrx_word' id='word_1_161' title='bbox 403 3143 564 3242; x_wconf 87' lang='lat' dir='ltr'>Euripidi</span> <span class='ocrx_word' id='word_1_162' title='bbox 605 3145 803 3217; x_wconf 87' lang='lat' dir='ltr'>attribuam.</span> <span class='ocrx_word' id='word_1_163' title='bbox 826 3143 850 3233; x_wconf 79' lang='lat'>1)</span> <span class='ocrx_word' id='word_1_164' title='bbox 906 3146 1014 3217; x_wconf 91' lang='lat' dir='ltr'>Haud</span> <span class='ocrx_word' id='word_1_165' title='bbox 1056 3144 1178 3230; x_wconf 86' lang='lat' dir='ltr'>dubie,</span> <span class='ocrx_word' id='word_1_166' title='bbox 1209 3152 1248 3216; x_wconf 89' lang='lat' dir='ltr'>ut</span> <span class='ocrx_word' id='word_1_167' title='bbox 1283 3153 1355 3216; x_wconf 88' lang='lat' dir='ltr'>erat</span> <span class='ocrx_word' id='word_1_168' title='bbox 1390 3169 1463 3216; x_wconf 91' lang='lat' dir='ltr'>mos</span> 
     </span>
     <span class='ocr_line' id='line_1_24' title="bbox 290 3258 1464 3358; baseline -0.003 -25"><span class='ocrx_word' id='word_1_169' title='bbox 290 3258 479 3356; x_wconf 87' lang='lat' dir='ltr'>Euripidis,</span> <span class='ocrx_word' id='word_1_170' title='bbox 515 3269 550 3332; x_wconf 85' lang='lat' dir='ltr'>et</span> <span class='ocrx_word' id='word_1_171' title='bbox 583 3260 672 3332; x_wconf 88' lang='lat' dir='ltr'>hano</span> <span class='ocrx_word' id='word_1_172' title='bbox 706 3260 860 3333; x_wconf 89' lang='lat' dir='ltr'>fabulam</span> <span class='ocrx_word' id='word_1_173' title='bbox 895 3262 1034 3334; x_wconf 92' lang='lat' dir='ltr'>oraculo</span> <span class='ocrx_word' id='word_1_174' title='bbox 1067 3261 1221 3358; x_wconf 88' lang='lat' dir='ltr'>quodam</span> <span class='ocrx_word' id='word_1_175' title='bbox 1248 3261 1372 3344; x_wconf 83' lang='lat' dir='ltr'>finivit,</span> <span class='ocrx_word' id='word_1_176' title='bbox 1403 3259 1464 3331; x_wconf 90' lang='lat' dir='ltr'>sed</span> 
     </span>
     <span class='ocr_line' id='line_1_25' title="bbox 289 3374 1463 3474; baseline 0 -26"><span class='ocrx_word' id='word_1_177' title='bbox 289 3376 396 3448; x_wconf 87' lang='lat' dir='ltr'>finem</span> <span class='ocrx_word' id='word_1_178' title='bbox 429 3374 530 3463; x_wconf 87' lang='lat' dir='ltr'>illum</span> <span class='ocrx_word' id='word_1_179' title='bbox 563 3400 625 3473; x_wconf 92' lang='lat' dir='ltr'>pro</span> <span class='ocrx_word' id='word_1_180' title='bbox 662 3377 792 3449; x_wconf 90' lang='lat' dir='ltr'>maiore</span> <span class='ocrx_word' id='word_1_181' title='bbox 819 3385 916 3474; x_wconf 84' lang='lat' dir='ltr'>parte</span> <span class='ocrx_word' id='word_1_182' title='bbox 943 3378 1112 3450; x_wconf 83' lang='lat' dir='ltr'>interiisse</span> <span class='ocrx_word' id='word_1_183' title='bbox 1140 3377 1271 3449; x_wconf 92' lang='lat' dir='ltr'>indicio</span> <span class='ocrx_word' id='word_1_184' title='bbox 1298 3375 1386 3447; x_wconf 91' lang='lat' dir='ltr'>mihi</span> <span class='ocrx_word' id='word_1_185' title='bbox 1413 3385 1463 3448; x_wconf 89' lang='lat' dir='ltr'>est</span> 
     </span>
     <span class='ocr_line' id='line_1_26' title="bbox 290 3490 1464 3591; baseline -0.001 -27"><span class='ocrx_word' id='word_1_186' title='bbox 290 3490 432 3576; x_wconf 88' lang='lat' dir='ltr'>lacuna,</span> <span class='ocrx_word' id='word_1_187' title='bbox 473 3515 562 3587; x_wconf 87' lang='lat' dir='ltr'>quae</span> <span class='ocrx_word' id='word_1_188' title='bbox 595 3490 800 3564; x_wconf 84' lang='lat' dir='ltr'>vaticinium</span> <span class='ocrx_word' id='word_1_189' title='bbox 834 3493 1024 3578; x_wconf 88' lang='lat' dir='ltr'>antecedit;</span> <span class='ocrx_word' id='word_1_190' title='bbox 1064 3502 1276 3591; x_wconf 86' lang='lat' dir='ltr'>quapropter</span> <span class='ocrx_word' id='word_1_191' title='bbox 1309 3492 1464 3588; x_wconf 87' lang='lat' dir='ltr'>suspicor</span> 
     </span>
     <span class='ocr_line' id='line_1_27' title="bbox 291 3605 1464 3707; baseline -0.002 -27"><span class='ocrx_word' id='word_1_192' title='bbox 291 3631 408 3680; x_wconf 89' lang='lat' dir='ltr'>serum</span> <span class='ocrx_word' id='word_1_193' title='bbox 433 3605 727 3704; x_wconf 87' lang='lat' dir='ltr'>interpolatorem,</span> <span class='ocrx_word' id='word_1_194' title='bbox 757 3633 845 3704; x_wconf 91' lang='lat' dir='ltr'>quae</span> <span class='ocrx_word' id='word_1_195' title='bbox 874 3610 1015 3681; x_wconf 89' lang='lat' dir='ltr'>deerant</span> <span class='ocrx_word' id='word_1_196' title='bbox 1043 3611 1203 3707; x_wconf 87' lang='lat' dir='ltr'>supplere</span> <span class='ocrx_word' id='word_1_197' title='bbox 1218 3617 1381 3681; x_wconf 92' lang='lat' dir='ltr'>conatum</span> <span class='ocrx_word' id='word_1_198' title='bbox 1401 3633 1464 3679; x_wconf 93' lang='lat' dir='ltr'>nec</span> 
     </span>
     <span class='ocr_line' id='line_1_28' title="bbox 291 3721 1465 3822; baseline -0.001 -27"><span class='ocrx_word' id='word_1_199' title='bbox 291 3721 373 3796; x_wconf 81' lang='lat' dir='ltr'>satis</span> <span class='ocrx_word' id='word_1_200' title='bbox 398 3721 539 3818; x_wconf 74' lang='lat' dir='ltr'>‘trigonio</span> <span class='ocrx_word' id='word_1_201' title='bbox 565 3722 755 3820; x_wconf 88' lang='lat' dir='ltr'>pollentem</span> <span class='ocrx_word' id='word_1_202' title='bbox 782 3734 822 3797; x_wconf 93' lang='lat' dir='ltr'>ut</span> <span class='ocrx_word' id='word_1_203' title='bbox 848 3726 965 3797; x_wconf 87' lang='lat' dir='ltr'>omnia</span> <span class='ocrx_word' id='word_1_204' title='bbox 982 3726 1055 3822; x_wconf 91' lang='lat' dir='ltr'>ipse</span> <span class='ocrx_word' id='word_1_205' title='bbox 1075 3726 1297 3820; x_wconf 83' lang='lat' dir='ltr'>excogitaret,</span> <span class='ocrx_word' id='word_1_206' title='bbox 1320 3724 1465 3795; x_wconf 92' lang='lat' dir='ltr'>circum-</span> 
     </span>
     <span class='ocr_line' id='line_1_29' title="bbox 291 3837 1464 3937; baseline 0.001 -26"><span class='ocrx_word' id='word_1_207' title='bbox 291 3837 440 3937; x_wconf 80' lang='lat' dir='ltr'>spexisse</span> <span class='ocrx_word' id='word_1_208' title='bbox 467 3863 511 3911; x_wconf 88' lang='lat' dir='ltr'>an</span> <span class='ocrx_word' id='word_1_209' title='bbox 538 3862 581 3911; x_wconf 82' lang='lat' dir='ltr'>ex</span> <span class='ocrx_word' id='word_1_210' title='bbox 605 3838 674 3910; x_wconf 89' lang='lat' dir='ltr'>alia</span> <span class='ocrx_word' id='word_1_211' title='bbox 694 3839 871 3936; x_wconf 90' lang='lat' dir='ltr'>Euripidis</span> <span class='ocrx_word' id='word_1_212' title='bbox 888 3840 1068 3935; x_wconf 90' lang='lat' dir='ltr'>tragoedia</span> <span class='ocrx_word' id='word_1_213' title='bbox 1086 3866 1222 3912; x_wconf 89' lang='lat' dir='ltr'>sumere</span> <span class='ocrx_word' id='word_1_214' title='bbox 1242 3849 1355 3937; x_wconf 89' lang='lat' dir='ltr'>posset</span> <span class='ocrx_word' id='word_1_215' title='bbox 1375 3864 1464 3936; x_wconf 87' lang='lat' dir='ltr'>quac</span> 
     </span>
     <span class='ocr_line' id='line_1_30' title="bbox 292 3952 1489 4053; baseline -0.001 -26"><span class='ocrx_word' id='word_1_216' title='bbox 292 3953 377 4028; x_wconf 87' lang='lat' dir='ltr'>huic</span> <span class='ocrx_word' id='word_1_217' title='bbox 406 3952 485 4027; x_wconf 91' lang='lat' dir='ltr'>loco</span> <span class='ocrx_word' id='word_1_218' title='bbox 511 3961 623 4027; x_wconf 85' lang='lat' dir='ltr'>essent</span> <span class='ocrx_word' id='word_1_219' title='bbox 649 3963 740 4052; x_wconf 87' lang='lat' dir='ltr'>apta.</span> <span class='ocrx_word' id='word_1_220' title='bbox 771 3956 959 4052; x_wconf 86' lang='lat' dir='ltr'>Scripserat</span> <span class='ocrx_word' id='word_1_221' title='bbox 987 3966 1104 4029; x_wconf 91' lang='lat' dir='ltr'>autern</span> <span class='ocrx_word' id='word_1_222' title='bbox 1133 3956 1318 4053; x_wconf 84' lang='lat' dir='ltr'>Euripides</span> <span class='ocrx_word' id='word_1_223' title='bbox 1345 3955 1489 4028; x_wconf 59' lang='lat' dir='ltr'>drama*</span> 
     </span>
     <span class='ocr_line' id='line_1_31' title="bbox 293 4068 1462 4167; baseline -0.001 -23"><span class='ocrx_word' id='word_1_224' title='bbox 293 4068 479 4156; x_wconf 79' lang='lat' dir='ltr'>Cadmum,</span> <span class='ocrx_word' id='word_1_225' title='bbox 512 4069 613 4144; x_wconf 90' lang='lat' dir='ltr'>ouius</span> <span class='ocrx_word' id='word_1_226' title='bbox 648 4071 842 4166; x_wconf 86' lang='lat' dir='ltr'>fragmenta</span> <span class='ocrx_word' id='word_1_227' title='bbox 869 4072 1019 4145; x_wconf 83' lang='lat' dir='ltr'>citatae</span> <span class='ocrx_word' id='word_1_228' title='bbox 1048 4072 1162 4145; x_wconf 90' lang='lat' dir='ltr'>Probo</span> <span class='ocrx_word' id='word_1_229' title='bbox 1190 4073 1228 4145; x_wconf 91' lang='lat' dir='ltr'>in</span> <span class='ocrx_word' id='word_1_230' title='bbox 1258 4072 1360 4167; x_wconf 89' lang='lat' dir='ltr'>Verg.</span> <span class='ocrx_word' id='word_1_231' title='bbox 1391 4071 1462 4144; x_wconf 89' lang='lat' dir='ltr'>Ecl.</span> 
     </span>
    </p>
   </div>
   <div class='ocr_carea' id='block_1_3' title="bbox 294 4274 1466 4615">
    <p class='ocr_par' dir='ltr' id='par_1_8' title="bbox 294 4274 1466 4615">
     <span class='ocr_line' id='line_1_32' title="bbox 333 4274 1466 4392; baseline -0.002 -18"><span class='ocrx_word' id='word_1_232' title='bbox 333 4312 356 4383; x_wconf 85' lang='lat'>&#39;)</span> <span class='ocrx_word' id='word_1_233' title='bbox 382 4314 460 4382; x_wconf 66' lang='lat' dir='ltr'>Quod</span> <span class='ocrx_word' id='word_1_234' title='bbox 484 4316 584 4374; x_wconf 60' lang='lat' dir='ltr'>attinet</span> <span class='ocrx_word' id='word_1_235' title='bbox 608 4315 643 4372; x_wconf 69' lang='lat' dir='ltr'>td</span> <span class='ocrx_word' id='word_1_236' title='bbox 668 4322 827 4388; x_wconf 64' lang='lat' dir='ltr'>argumenta</span> <span class='ocrx_word' id='word_1_237' title='bbox 840 4274 970 4372; x_wconf 72' lang='lat' dir='ltr'>Bodokhii</span> <span class='ocrx_word' id='word_1_238' title='bbox 988 4317 1048 4389; x_wconf 80' lang='lat' dir='ltr'>(Gr.</span> <span class='ocrx_word' id='word_1_239' title='bbox 1065 4326 1135 4390; x_wconf 87' lang='lat' dir='ltr'>trag.</span> <span class='ocrx_word' id='word_1_240' title='bbox 1154 4322 1239 4392; x_wconf 90' lang='lat' dir='ltr'>princ.</span> <span class='ocrx_word' id='word_1_241' title='bbox 1258 4337 1283 4390; x_wconf 89' lang='lat' dir='ltr'>p.</span> <span class='ocrx_word' id='word_1_242' title='bbox 1303 4317 1466 4388; x_wconf 74' lang='lat' dir='ltr'>aar-327),</span> 
     </span>
     <span class='ocr_line' id='line_1_33' title="bbox 294 4395 1465 4471; baseline -0.001 -18"><span class='ocrx_word' id='word_1_243' title='bbox 294 4395 345 4470; x_wconf 62' lang='lat' dir='ltr'>{ti</span> <span class='ocrx_word' id='word_1_244' title='bbox 359 4400 447 4453; x_wconf 71' lang='lat' dir='ltr'>totu</span> <span class='ocrx_word' id='word_1_245' title='bbox 462 4395 583 4453; x_wconf 59' lang='lat' dir='ltr'>&amp;bulon</span> <span class='ocrx_word' id='word_1_246' title='bbox 598 4396 635 4454; x_wconf 64' lang='lat' dir='ltr'>sb</span> <span class='ocrx_word' id='word_1_247' title='bbox 650 4395 701 4453; x_wconf 87' lang='lat' dir='ltr'>hoo</span> <span class='ocrx_word' id='word_1_248' title='bbox 719 4397 778 4452; x_wconf 84' lang='lat' dir='ltr'>viro</span> <span class='ocrx_word' id='word_1_249' title='bbox 796 4401 968 4452; x_wconf 82' lang='lat' dir='ltr'>retractatam</span> <span class='ocrx_word' id='word_1_250' title='bbox 988 4400 1181 4471; x_wconf 84' lang='lat' dir='ltr'>suspicabatur,</span> <span class='ocrx_word' id='word_1_251' title='bbox 1201 4401 1292 4471; x_wconf 89' lang='lat' dir='ltr'>aptius</span> <span class='ocrx_word' id='word_1_252' title='bbox 1308 4417 1324 4454; x_wconf 84' lang='lat' dir='ltr'>a</span> <span class='ocrx_word' id='word_1_253' title='bbox 1343 4399 1465 4453; x_wconf 83' lang='lat' dir='ltr'>Midden·</span> 
     </span>
     <span class='ocr_line' id='line_1_34' title="bbox 295 4472 1466 4615; baseline 0.001 -83"><span class='ocrx_word' id='word_1_254' title='bbox 295 4472 387 4613; x_wconf 51' lang='lat'>2¹¹:</span> <span class='ocrx_word' id='word_1_255' title='bbox 400 4474 536 4615; x_wconf 44' lang='lat' dir='ltr'>Qui:</span> <span class='ocrx_word' id='word_1_256' title='bbox 561 4476 629 4534; x_wconf 75' lang='lat' dir='ltr'>Bur.</span> <span class='ocrx_word' id='word_1_257' title='bbox 652 4475 750 4533; x_wconf 63' lang='lat' dir='ltr'>Enoch.</span> <span class='ocrx_word' id='word_1_258' title='bbox 768 4477 886 4548; x_wconf 71' lang='lat'>87—42)</span> <span class='ocrx_word' id='word_1_259' title='bbox 904 4479 1050 4550; x_wconf 83' lang='lat' dir='ltr'>redarguta</span> <span class='ocrx_word' id='word_1_260' title='bbox 1068 4481 1135 4534; x_wconf 89' lang='lat' dir='ltr'>mihi</span> <span class='ocrx_word' id='word_1_261' title='bbox 1154 4481 1282 4535; x_wconf 85' lang='lat' dir='ltr'>videntur</span> <span class='ocrx_word' id='word_1_262' title='bbox 1299 4498 1379 4552; x_wconf 87' lang='lat' dir='ltr'>quam</span> <span class='ocrx_word' id='word_1_263' title='bbox 1398 4497 1466 4551; x_wconf 85' lang='lat' dir='ltr'>quae</span> 
     </span>
    </p>
   </div>
   <div class='ocr_carea' id='block_1_4' title="bbox 0 0 1723 5438">
    <p class='ocr_par' dir='ltr' id='par_1_9' title="bbox 0 0 1723 5438">
     <span class='ocr_line' id='line_1_35' title="bbox 0 0 1723 5438; baseline 0 0"><span class='ocrx_word' id='word_1_264' title='bbox 0 0 1723 5438; x_wconf 95' lang='lat' dir='ltr'> </span> 
     </span>
    </p>
   </div>
  </div>
 </body>
</html>
