3398 5438
916 499 989 567 104

417 711 519 783 Hane
546 711 655 807 igitur
682 711 837 782 fabulam
865 736 907 783 ex
938 710 1092 781 Homero
1112 735 1175 781 suo
1194 709 1316 783 habuit
1335 711 1537 807 Aeschylus,

364 853 444 899 nam
481 836 775 899 commemoratur
802 826 981 898 notissimo
1009 825 1130 897 Iliadis
1157 825 1234 898 loco
1262 827 1313 917 (Z.
1334 831 1408 900 130
1437 835 1539 924 sqq),

363 943 492 1015 scholia
518 952 637 1015 autem
664 943 790 1015 docent
818 942 924 1015 etiam
951 942 996 1014 ab
1025 942 1172 1014 Eumelo
1200 952 1302 1040 poeta
1329 944 1427 1040 epico
1446 945 1541 1016 hunc

364 1059 525 1155 mythum
566 1059 669 1130 fuisse
711 1066 897 1130 tractatum
938 1059 974 1130 in
1017 1058 1169 1130 carmine
1197 1060 1374 1157 Iluropea3
1404 1067 1541 1132 secutae

364 1184 445 1248 sunt
494 1174 805 1272 Polyphradmonis
853 1174 1035 1270 tetralogia
1083 1174 1257 1271 Lycurgia
1304 1200 1394 1247 anno
1443 1178 1540 1261 407,

365 1292 555 1388 Aeschylon
580 1301 737 1387 tempore
765 1291 896 1386 ignote.
928 1292 955 1362 E
984 1291 1129 1387 posteris
1147 1290 1300 1362 fabulam
1322 1291 1543 1364 tradiderunt

366 1408 530 1504 Hyginus
566 1407 650 1479 Fab.
684 1411 757 1479 132
788 1416 821 1479 et
851 1410 941 1492 242,
972 1407 1076 1479 lliod.
1107 1406 1173 1478 Sic.
1205 1407 1222 1478 I
1253 1410 1301 1479 20
1331 1417 1364 1479 01
1392 1408 1449 1479 ΙΙΙ
1479 1412 1540 1493 05,

367 1525 516 1596 Nonmrs
557 1523 701 1619 Dionys,
740 1522 810 1594 XX
842 1527 917 1596 140
947 1548 1028 1619 sqq,
1067 1522 1229 1618 Apollod.
1261 1523 1316 1594 ΙΙΙ
1349 1528 1384 1609 5,
1417 1529 1433 1595 1
1467 1524 1541 1615 (ubi

368 1639 439 1711 vid.
470 1639 619 1735 H'cyne).
1337 1680 1342 1693 ·

422 1757 599 1852 Perpauca
627 1755 809 1852 Aeschylei
837 1755 950 1851 operis
977 1755 1171 1850 fragmenta
1198 1766 1393 1852 supersunt.
1420 1758 1544 1830 Emen-

371 1873 453 1944 dare
488 1879 522 1943 et
557 1871 717 1944 ordinare
755 1880 900 1943 conatus
934 1882 985 1942 est
1011 1870 1055 1943 G.
1086 1871 1310 1944 Hermannus
1338 1873 1466 1969 Opusc.
1498 1873 1542 1958 V,

371 1988 555 2060 utilissima
591 1988 895 2073 commentatione,
943 2013 1049 2083 quam
1098 2013 1200 2059 nemo
1248 1988 1391 2084 impune
1431 1997 1544 2085 potest

369 2104 544 2200 negligere
580 2103 642 2200 qui
669 2103 714 2175 de
741 2104 806 2175 hac
833 2103 1015 2199 tetralogia
1041 2103 1124 2175 velit
1151 2104 1339 2201 disputare.
1370 2104 1546 2176 Welckeri

370 2245 511 2318 quoque
547 2229 752 2317 argumenta
786 2220 823 2291 iu
857 2219 947 2291 libro
987 2219 1055 2305 „de
1084 2219 1245 2316 Aeschyli
1273 2220 1435 2317 trilogia'’
1465 2221 1546 2294 lieet

370 2363 496 2432 magua
531 2361 593 2433 pro
627 2345 724 2433 parte
756 2336 886 2407 scholio
914 2336 959 2407 ad
987 2336 1123 2408 Thesm.
1157 2340 1230 2408 135
1260 2345 1378 2432 postea
1405 2337 1545 2409 invento

375 2455 443 2525 sint
470 2453 631 2536 refutata,
659 2452 819 2523 nonnihil
846 2452 957 2523 bonae
985 2452 1095 2547 frugis
1122 2453 1325 2525 attuleruut.

427 2569 596 2640 Observat
623 2568 847 2640 Ilermannus
876 2569 1005 2664 Opusc.
1035 2569 1067 2637 V
1092 2594 1126 2666 p.
1159 2573 1198 2641 5:
1232 2569 1453 2654 „Fatendum
1482 2578 1544 2655 cst,

374 2710 463 2782 quae
491 2684 726 2782 Apollodorus
753 2685 858 2757 refert
885 2685 934 2756 ita
961 2710 1032 2756 esse
1060 2695 1270 2780 comparata,
1299 2694 1351 2771 nt,
1380 2686 1546 2782 quoniam

371 2800 484 2873 tribus
517 2802 615 2897 quasi
644 2801 779 2873 actibus
807 2809 976 2885 constant,
1005 2800 1086 2872 satis
1112 2809 1229 2897 aptam
1258 2801 1441 2874 videantur
1468 2828 1547 2874 con·

373 2917 507 2989 dundee
543 2917 702 3012 trilogiae
735 2917 916 2989 materiam
951 2916 1152 3013 praebere.''
1190 2917 1271 2992 Qua
1298 2917 1331 2989 iu
1362 2943 1399 2990 re
1427 2919 1546 3014 procul
1600 3009 1604 3016 .

373 3033 483 3105 dubio
510 3042 643 3105 rectum
670 3032 769 3105 vidit.

429 3150 549 3221 Restat
583 3173 703 3244 rogare
741 3175 908 3245 quasnam
943 3158 1011 3221 tres
1046 3158 1171 3246 partos,
1208 3151 1406 3247 quibusque
1439 3150 1549 3223 uomi-

374 3265 479 3338 uibus
520 3265 702 3362 praeditas
746 3265 782 3336 iu
823 3265 1005 3362 Lycurgea
1045 3266 1252 3338 distinxerit.
1296 3267 1461 3339 Paratum
1498 3274 1549 3338 est

375 3407 592 3478 responsum:

432 3496 607 3583 „Edonos
652 3497 861 3582 Bassaridas,
905 3498 1132 3570 Neaniscos.''
1175 3498 1240 3583 lta,
1269 3497 1330 3570 sod
1358 3499 1487 3595 quibus
1512 3499 1548 3570 in

375 3613 589 3711 argumentis
616 3613 680 3684 hae
708 3621 777 3685 tres
804 3613 942 3684 fabulae
969 3622 1120 3685 versatae
1147 3616 1250 3685 sunt?

433 3729 597 3816 „Edoni”
631 3729 679 3801 sic
714 3731 785 3802 fere
820 3730 1056 3814 Hermaunus,
1092 3729 1193 3801 cuius
1227 3730 1368 3825 vestigia
1402 3730 1551 3803 libenter

377 3847 567 3943 sequimur,
599 3846 691 3931 „fnit
719 3846 779 3918 illa
806 3847 966 3941 trilogiac
993 3871 1072 3942 pars
1099 3846 1135 3918 in
1163 3870 1233 3942 (qna
1250 3846 1395 3918 asseclae
1415 3846 1551 3919 Edono-

376 3988 457 4034 rum
499 3963 599 4057 regia,
642 3963 784 4058 Cotytto
825 3962 1026 4058 indigenam
1070 3962 1170 4034 deam
1205 3963 1366 4047 colentes
1395 3988 1550 4060 pugnam

378 4104 458 4152 cum
488 4079 701 4150 Baccharum
729 4079 882 4150 exercitu
911 4079 1150 4163 cornmittnnt3
1173 4078 1438 4176 descriptionem
1470 4088 1552 4151 stre·

378 4195 473 4291 pitus
514 4194 742 4291 clamorisque
779 4193 994 4266 Maenadum
1029 4196 1173 4267 servarit
1205 4196 1327 4267 Strabo
1356 4197 1401 4267 X.
1432 4200 1481 4270 47
1488 4197 1550 4268 0.”

436 4310 516 4382 Huc
544 4337 653 4407 usque
682 4320 863 4407 provectus
892 4311 1049 4383 meminit
1068 4312 1120 4383 vir
1137 4311 1336 4407 ingeniosus
1354 4312 1421 4383 loci
1439 4313 1552 4384 cuius·

381 4426 461 4497 dam
489 4428 526 4498 iu
555 4426 805 4498 Catasterismis
819 4427 1055 4499 Eratosthenis
1070 4435 1112 4516 (e.
1132 4431 1206 4517 24),
1223 4427 1285 4500 nbi
1299 4428 1382 4500 haec
1397 4436 1544 4502 exstant:

437 4560 465 4580 ‚-
539 4552 546 4571 1
616 4547 628 4572 a
691 4553 698 4570 1
769 4552 777 4571 1
870 4552 875 4570 ι
1001 4555 1008 4572 s
1061 4554 1102 4575 ,ι
1195 4554 1201 4571 1
1258 4554 1265 4573 1
1337 4568 1344 4578 ,
1442 4554 1447 4573 ι

426 4551 591 4633 (Ορῷευς),
616 4577 644 4625 σς
668 4576 716 4616 ror
741 4577 796 4629 μεν
822 4564 956 4616 Atreum
981 4576 1031 4616 aaa
1055 4577 1157 4630 ετιμκ,
1172 4577 1220 4616 τεν
1237 4554 1268 4616 δε
1285 4562 1391 4618 'tiana
1408 4577 1552 4632 μεγιστσν
