3704 5484
965 519 1040 589 103

466 729 541 801 Iam
578 730 661 801 satis
698 740 759 804 est.
804 732 927 804 Statue
955 729 1063 826 igitur
1097 754 1166 814 eos,
1195 729 1256 825 qui
1284 737 1361 826 post
1387 729 1590 825 Euripidem

411 846 507 919 idem
536 857 785 941 argumentum
812 855 1016 931 tractarunt,
1046 871 1115 917 nou
1144 845 1257 917 solum
1275 844 1369 917 lrunc
1388 847 1589 943 scriptorem

412 962 473 1035 sed
507 987 570 1059 pro
605 988 732 1059 magna
769 971 866 1061 parte
901 963 1008 1035 alium
1044 969 1200 1058 poetam,
1238 988 1344 1058 quem
1379 962 1590 1058 Aeschylum

412 1079 516 1152 luisse
544 1078 658 1165 eredo,
687 1090 822 1153 secutos
849 1105 930 1152 esse.
952 1075 977 1169 ¹)

465 1447 657 1542 Aeschylus
705 1456 823 1519 autem
875 1447 969 1519 unde
1018 1446 1179 1542 trilogiae
1220 1471 1302 1518 suae
1342 1456 1589 1542 argumentum

412 1563 584 1636 duxerat?
619 1563 699 1634 Hoc
736 1572 827 1634 certe
863 1588 933 1634 non
969 1562 1094 1634 habuit
1129 1562 1271 1634 alanta
1297 1562 1358 1634 illa
1385 1572 1419 1635 et
1447 1564 1590 1660 opipara

411 1704 517 1752 coena
546 1679 693 1751 Homeri
722 1679 959 1775 desumptum.
991 1679 1113 1751 Minus
1140 1689 1258 1751 autem
1286 1678 1395 1750 dubia
1423 1688 1474 1751 est
1491 1680 1588 1775 origo

410 1795 499 1868 alius
527 1795 666 1868 l'abulae
694 1796 918 1892 Aeschyleae‚
948 1821 1038 1891 quae
1066 1795 1110 1868 de
1138 1794 1317 1892 Euripidis
1335 1795 1480 1867 Bacchis
1499 1795 1588 1867 iudi-

410 1912 505 1984 cium
542 1912 734 1985 ferentibus
766 1938 836 1984 non
871 1913 1016 1984 minoris
1052 1937 1124 1983 esse
1158 1911 1262 1983 debet
1290 1912 1478 1996 momenti;
1509 1898 1588 1984 dico

410 2028 572 2125 Aeschyli
614 2029 835 2124 Lycurgiam.
880 2028 933 2099 De
974 2052 1044 2124 qua
1084 2027 1264 2122 Longinus
1305 2027 1349 2100 de
1390 2028 1487 2100 Subl.
1519 2028 1586 2100 XV
1634 2012 1638 2019 ⁶

409 2144 563 2242 scripsit:
601 2152 651 2217 κού
683 2153 767 2232 πυροὶ
797 2153 852 2230 μὲν
884 2153 1030 2233 Αἰσχύλῳ
1062 2152 1237 2232 πκρκδύξως
1268 2153 1309 2217 τοὶ
1341 2159 1392 2217 τοῦ
1417 2153 1587 2234 Λυκούργου

410 2269 736 2347 declamatiunculam
760 2270 940 2350 {arduinam
964 2276 1015 2334 τού
1041 2270 1178 2334 Διονύσου
1202 2268 1400 2352 θεοφορεῖτκν

632 2411 771 2495 ἐνθουσιᾷ
795 2413 830 2489 δὴ
854 2413 952 2490 saux,
977 2413 1129 2491 βκκχεύεο
1152 2415 1258 2492 στέγη,

410 2558 423 2620 ὁ
447 2556 635 2636 δἘύροπίδκς
660 2558 693 2621 τὸ
718 2558 791 2621 ariri
815 2555 900 2621 τοῦθ’
926 2557 1028 2638 ἑτέρως
1052 2557 1203 2637 ε’Φκδύυκς
1226 2557 1405 2637 ἑξεΦύυκοε·

632 2712 693 2773 πῖον
718 2709 749 2772 δὲ
773 2709 997 2788 ξυνεβούκχευο’
1023 2710 1091 2789 ἔρος.

462 2854 491 2923 h'
519 2853 648 2948 quibus
684 2853 795 2925 verbis
831 2864 974 2951 apparet
1001 2864 1077 2925 arto
1105 2854 1244 2926 vinculo
1272 2854 1355 2925 haec
1383 2854 1454 2925 duo
1482 2880 1586 2950 opera

409 2967 512 3040 fuisse
541 2970 739 3042 coniuncta..
772 2971 868 3042 Idem
901 2979 1019 3042 autem
1048 2971 1174 3042 docent
1192 2970 1297 3042 verba
1317 2970 1522 3042 Mnesilochi
1540 2971 1584 3043 ad

409 3086 629 3180 Agathouem
658 3087 693 3158 in
724 3086 965 3183 Aristophanis
992 3086 1128 3159 Thesm.
1162 3089 1255 3159 135:

543 3245 593 3309 κκὶ
617 3242 669 3310 οόύ
692 3251 795 3320 eriere,
819 3246 882 3321 ἥτις
906 3243 935 3310 εἴ
953 3250 1022 3312 κκτ’
1049 3247 1202 3325 Αἰσχύλου

542 3364 575 3425 ἐκ
599 3372 651 3436 τῆς
676 3364 881 3442 Αυκουργείκς
904 3362 1026 3443 ἐρὲοθκο
1049 3363 1209 3440 dedamur·

542 3479 677 3552 ποδκπος
702 3480 714 3542 e‘
739 3480 853 3556 γύυυοςς
877 3480 926 3554 τίς
950 3481 1070 3560 vairpam
1094 3480 1143 3553 τίς
1167 3483 1183 3554 κ’
1207 3482 1299 3554 στολή
1323 3507 1351 3545 κ.
1366 3505 1394 3544 τ.
1409 3496 1438 3544 λ.

408 3646 488 3692 nam
526 3621 687 3718 Aeschyli
721 3622 805 3694 haee
841 3624 944 3695 verba
978 3623 1013 3694 in
1049 3624 1251 3696 memoriam
1287 3634 1447 3696 revocant
1481 3624 1583 3697 collo·

406 3737 531 3833 quium
562 3737 688 3809 Bacchi
730 3739 945 3835 Pentheique
973 3741 1009 3812 in
1039 3740 1182 3812 Bacchis
1210 3740 1386 3838 Euripidis
1414 3748 1474 3830 (vs.
1506 3744 1582 3814 460

406 3859 482 3949 sqq)
493 3888 498 3925 :

585 3975 697 4049 πρῶτον
721 3972 776 4048 μὲν
801 3967 846 4036 ούυ
871 3997 921 4050 μου
946 3971 1030 4048 λέξον
1054 3968 1133 4046 ὅστις
1157 3968 1187 4036 εἴ
1205 3972 1288 4050 γένος
1311 3999 1338 4037 κ.
1353 3997 1381 4048 τ.
1396 3987 1425 4036 λ.

445 4179 465 4248 ¹)
494 4182 666 4256 Cleophoutis
692 4191 719 4237 et
737 4184 923 4256 Lycophronis
941 4203 1020 4257 opera
1040 4186 1147 4239 nomine
1166 4191 1272 4239 tautum
1291 4185 1366 4240 nobis
1384 4191 1448 4239 sunt
1465 4187 1582 4257 cognita,

406 4278 420 4316 e
439 4260 628 4319 Chaeremonis
645 4265 766 4319 Pentheo
784 4284 855 4320 unus
872 4274 995 4321 servatus
1012 4274 1052 4320 est
1071 4284 1177 4320 versus:

729 4352 839 4408 Πενθεύς
857 4348 974 4412 denudans
992 4357 1120 4413 συμφορᾶς
1139 4349 1271 4411 ἐπώνυμος.

441 4424 506 4479 Vid.
524 4425 622 4480 Naevii
641 4426 674 4481 fr.
693 4428 764 4498 apud
783 4428 964 4482 Ribberlrium
982 4428 1062 4483 Rom.
1080 4429 1161 4500 Trag.
1181 4430 1242 4482 569,

441 4505 481 4561 (ll.
499 4507 581 4560 etiam
600 4507 695 4562 Horat.
714 4507 803 4580 Epist.
822 4511 836 4563 I
857 4511 899 4577 16,
919 4510 953 4564 73
971 4526 1038 4581 sqq.‚
1057 4510 1138 4564 Clem.
1158 4510 1238 4564 Alex.
1256 4509 1345 4564 Protr.
1363 4504 1383 4580 ξ
1403 4509 1454 4561 119
1472 4525 1512 4580 sq.

441 4586 570 4659 Hartung
587 4587 654 4644 nur.
672 4588 749 4645 Rest.
767 4608 794 4663 p.
812 4591 864 4645 557
882 4595 983 4645 eeteros
999 4595 1121 4646 auctores
1139 4598 1287 4645 enumerat.
