3704 5484
915 560 936 626 2

335 770 487 841 virorum
515 769 699 841 doetonnn
727 770 979 866 disputationes
1007 771 1050 842 de
1080 771 1247 869 Euripide
1271 773 1391 844 sedula
1410 799 1513 870 opera

335 884 371 958 in
407 886 685 981 disquisitionem
725 897 903 969 vocarunt,
937 887 1096 983 quinimo
1138 887 1251 959 obiter
1279 889 1511 984 perlegerunt,

335 1002 547 1074 observarint
574 1002 719 1074 carrdcm
740 1003 907 1074 rationem
927 1028 1015 1098 (quae
1036 1004 1125 1074 inter
1144 1004 1289 1075 Codices
1309 1006 1407 1076 MSS.
1430 1005 1513 1076 haee

335 1144 474 1215 qrroqne
515 1118 606 1190 inter
651 1119 777 1214 scripta
818 1128 969 1190 exstare:
1009 1128 1090 1189 sunt
1127 1120 1298 1217 principes
1335 1121 1509 1217 perpauci,

334 1235 438 1306 ceteri
479 1235 548 1306 sive
584 1260 694 1306 nnrnu
726 1234 795 1305 sire
824 1234 912 1306 dnos
945 1234 998 1305 vel
1026 1243 1094 1306 tres
1120 1244 1277 1307 auetorcs
1304 1246 1510 1332 sequantur,

334 1351 383 1422 ita
411 1359 449 1421 nt
478 1377 583 1448 parvo
611 1350 728 1422 lohere
757 1360 902 1422 sternrna
929 1350 1073 1445 aliquod
1101 1352 1225 1423 eontiei
1253 1353 1368 1447 possit.
1402 1353 1511 1424 'lhnta

334 1466 507 1562 opinionis
534 1467 789 1563 praeiudicatae
817 1476 867 1538 est
895 1466 1002 1538 visat
1029 1467 1132 1538 etiam
1159 1468 1232 1538 sine
1251 1468 1383 1539 ratione
1404 1469 1512 1540 valeat

333 1583 536 1666 auetoritas;
573 1582 609 1653 id
646 1583 773 1654 hahent
802 1592 915 1654 ratum
944 1582 1113 1678 plerique,
1143 1584 1239 1679 qnod
1266 1584 1310 1655 ah
1338 1611 1378 1655 eo
1407 1610 1509 1680 quem

335 1698 482 1796 probant
520 1699 714 1771 indicatum
756 1699 885 1783 vident,
922 1707 1058 1770 tantum
1093 1726 1162 1770 naar
1201 1726 1264 1794 pro
1283 1736 1287 1743 ·
1305 1709 1511 1793 argumento

333 1815 513 1886 afferentes
535 1815 831 1912 Pythagoreorum
851 1814 939 1886 illud
967 1825 1057 1898 αὐτὸς
1081 1823 1155 1903 tex.
1184 1816 1282 1887 lhaho
1297 1817 1508 1913 exernphnn.

335 1931 585 2029 Aristophanes
612 1941 652 2003 nt
681 1931 784 2026 vulgo
813 1940 936 2002 uotum
964 1941 1014 2003 est
1048 1932 1221 2029 Euripidis
1245 1932 1508 2028 „impietatem”

334 2048 465 2119 irotarit
493 2056 527 2119 et
554 2047 638 2118 alibi
666 2057 700 2119 et
728 2047 763 2118 in
792 2047 928 2118 Thesm.
960 2052 1065 2136 (451)
1092 2074 1193 2119 versu
1222 2048 1364 2119 aecrho:
1396 2094 1399 2099 <

564 2227 630 2300 τοὺς
654 2224 761 2305 dripere
786 2224 988 2288 ἁνκπὲπεικεν
1012 2227 1062 2289 οὐκ
1086 2221 1158 2288 siam
1181 2222 1278 2299 θεούς.

333 2423 421 2493 qum
451 2397 553 2468 verba
589 2397 669 2468 lieet
696 2395 784 2466 serio
812 2395 946 2466 obiecta
974 2395 1103 2466 lraerint
1130 2395 1291 2490 aequales
1322 2395 1511 2467 Athenien-

332 2540 396 2597 ses
425 2512 542 2584 callidi
569 2512 713 2595 iudices,
742 2511 863 2607 procul
892 2510 1001 2581 dnhio
1024 2511 1115 2582 iusto
1140 2511 1251 2607 pretio
1271 2511 1507 2583 aestimarunt.

334 2629 424 2700 Nam
453 2629 531 2724 qais
557 2637 642 2700 tunc
669 2627 835 2723 temporis
863 2627 1034 2698 nesciebat
1061 2627 1235 2697 carminum
1255 2626 1392 2698 nullum
1412 2652 1510 2723 posse

333 2755 477 2829 exstare,
506 2745 568 2840 qni
600 2745 689 2816 intra
725 2746 811 2814 h'nes
843 2743 925 2814 artis
953 2742 1084 2837 logicae
1113 2767 1147 2814 se
1176 2742 1379 2826 contineret,
1409 2744 1510 2814 carius

333 2860 477 2931 arrdaeia
514 2886 705 2956 mnnquam
741 2868 837 2930 extra
871 2858 1021 2929 veritatis
1056 2883 1204 2953 regmnn
1246 2857 1507 2953 exspatiaretnr‚

333 2975 394 3070 qni
429 2976 566 3071 singula
593 2976 736 3047 dicteria
765 2975 863 3070 (parisi
893 2974 926 3043 in
957 2974 1088 3045 imlieio
1116 2974 1336 3045 ‹locumentis
1365 2975 1509 3071 proliano

333 3092 469 3186 qaia-eti>
527 3093 639 3163 lrrrnro
675 3089 902 3162 salnidehant
944 3090 1180 3186 llieaeopolim
1210 3100 1419 3173 narrantem,
1449 3089 1510 3185 qni

335 3206 463 3277 bellum
515 3207 846 3303 Peloponnesiaernn
896 3205 1085 3276 excitatam
1123 3217 1225 3288 esset,
1255 3205 1511 3276 eaehirnmhant

332 3348 413 3393 eum
442 3325 596 3394 Socrates
623 3322 781 3394 sublimis
808 3321 969 3392 (molestia
997 3322 1245 3418 specularetur,
1275 3346 1338 3392 nee
1364 3347 1432 3391 non
1454 3347 1510 3392 ne-

333 3439 451 3509 fariam
488 3440 582 3511 illam
623 3438 799 3535 Euripidis
826 3437 1056 3532 impietatem¹
1074 3437 1240 3508 herrmolo
1270 3446 1359 3508 nutu
1389 3437 1511 3532 eapitis

332 3564 559 3650 excepernnt;
592 3555 811 3648 magistratus
838 3579 917 3623 vero
946 3553 1209 3648 sacerdotesque
1230 3552 1350 3649 primis
1375 3553 1410 3624 in
1431 3553 1509 3625 suh·

332 3670 436 3742 selliis
463 3672 620 3743 sedentes
648 3696 711 3742 nee
729 3670 802 3740 sine
821 3669 1057 3740 sollieitudine
1077 3677 1311 3765 exspectantes
1331 3694 1420 3764 (pirae
1442 3670 1507 3740 tela

334 3813 413 3857 irroa
448 3813 552 3859 suum
586 3788 622 3858 in
658 3795 762 3883 eaput
789 3793 945 3856 torturas
973 3794 1059 3856 esset
1088 3785 1251 3868 cananeus,
1287 3784 1507 3881 Euripidem,

334 3912 455 4000 utpote
492 3904 528 3975 in
562 3928 666 4000 quem
702 3926 763 3999 per
797 3900 962 3972 iuniorem
991 3901 1156 3997 temporis
1192 3910 1322 3997 partem
1360 3901 1510 3997 impetus

331 4020 442 4103 fieret,
478 4020 544 4115 sibi
585 4019 694 4115 stragis
722 4016 844 4089 utilem
873 4042 979 4112 qnmn
1008 4017 1057 4088 rei
1084 4016 1245 4113 publicae
1275 4017 1508 4112 perniciosum

333 4135 546 4209 indicabant.

387 4252 467 4325 Non
502 4252 551 4324 ita
583 4251 791 4325 resentiores
823 4247 946 4332 critici,
983 4249 1045 4345 qni
1077 4274 1193 4321 severo
1235 4249 1335 4321 vultu
1363 4249 1510 4320 conrieo·

331 4392 413 4441 rum
439 4392 545 4466 opere
570 4375 764 4442 scrutantes
790 4372 831 4438 ut
858 4364 940 4437 inde
968 4364 1130 4437 historiae
1163 4365 1322 4462 politicae
1353 4366 1405 4436 vel
1434 4364 1508 4437 lite·

331 4482 442 4557 ratius
469 4484 651 4559 materiem
666 4480 859 4567 haurirent,
887 4478 938 4553 nil
958 4504 1029 4552 non
1048 4481 1161 4553 iocose
1181 4481 1315 4552 dietum
1337 4481 1509 4552 coniicere

808 4594 916 4669 libros
948 4596 1200 4669 transtulerunt
1212 4630 1219 4680 ;
1259 4621 1330 4692 quo
1378 4597 1508 4667 t'aetum
