3398 5438
829 471 877 542 74

264 683 452 756 sententiae
491 693 637 766 nostrae,
674 709 741 779 qna
776 693 891 757 motus
925 684 1107 757 exstatieos
1138 685 1173 756 in
1203 686 1367 758 Parnasso
1396 688 1437 759 iis

264 800 473 872 tribuimus?
503 799 670 883 Minime3
701 799 789 872 nnlli
816 801 910 873 eniru
938 800 1085 898 pictores
1113 801 1147 872 in
1168 802 1333 874 Parnasso
1358 803 1437 875 ade·

265 925 341 989 runt
382 942 462 988 curn
503 916 600 1011 orgia
642 915 844 1012 agebantur,
882 918 969 990 nulli
1005 917 1122 989 adesse
1151 927 1324 1014 poterant;
1354 945 1437 1015 qua·

263 1042 415 1131 propter,
445 1058 533 1129 <pum
561 1031 604 1104 do
624 1033 712 1104 voris
737 1032 1002 1107 bacchanalibus
1020 1034 1091 1107 illic
1109 1034 1193 1107 actis
1211 1035 1436 1108 tradebantur

262 1176 343 1222 terrm
378 1149 632 1222 narrationibus
668 1148 833 1222 sabulosis
870 1150 1133 1236 confundentes,
1163 1151 1330 1249 imagines
1358 1177 1436 1224 suas

268 1292 335 1338 nou
366 1265 408 1338 nd
439 1266 543 1338 vitam
571 1265 812 1362 exprimebant
839 1265 900 1338 sed
927 1266 971 1338 ad
999 1266 1102 1337 verba
1129 1276 1319 1363 poetarum.

321 1385 366 1454 ht
389 1384 517 1476 hgrrras
545 1381 619 1454 illas
640 1380 843 1454 sacerdotali
865 1381 987 1455 habitu
1010 1382 1179 1478 vultuque
1202 1384 1295 1456 unde
1320 1394 1435 1481 petora

269 1501 484 1597 potuerunt?
511 1542 562 1551 -
591 1497 833 1595 Respondebis
857 1498 928 1596 ipse
956 1499 1064 1572 lector
1091 1499 1255 1572 benevole
1282 1501 1345 1597 qui
1370 1501 1436 1573 hoe

265 1640 381 1712 rogan
397 1623 576 1713 aspexerat
592 1613 703 1711 pictor
717 1614 876 1711 thyiades
891 1640 1021 1711 graues,
1038 1615 1183 1688 solemni
1197 1616 1268 1688 ritu
1291 1618 1438 1690 Athenis

267 1732 418 1829 llelpbos
444 1731 709 1828 proficiscentes,
737 1740 915 1828 aspexerat
929 1731 965 1803 in
989 1731 1111 1804 itinere
1131 1731 1302 1806 modestas
1319 1733 1436 1806 mode·

264 1858 421 1943 ratusque
450 1848 571 1921 choros
598 1846 654 1919 hic
682 1846 754 1920 illic
782 1846 958 1920 ducentes.

319 1963 430 2036 lhmm
459 1963 564 2036 irtitnn
594 1988 665 2035 rom
695 1988 764 2036 non
794 1963 954 2036 funditus
981 1963 1124 2061 quidem
1157 1973 1363 2063 pertractare
1383 2013 1434 2020 —

264 2106 331 2154 nou
370 2081 463 2153 euim
492 2088 683 2178 suppetunt
711 2080 923 2153 documenta
950 2106 1063 2178 neque
1091 2080 1120 2152 is
1146 2107 1236 2166 suin,
1265 2083 1326 2178 qui
1353 2084 1435 2156 talia

263 2197 306 2270 nd
346 2199 449 2271 tinmn
487 2195 675 2295 penlueerc
710 2196 838 2295 possim
867 2195 1005 2269 —sed
1033 2197 1295 2295 paucistamen
1324 2199 1435 2272 verbis

262 2314 432 2408 attingere
461 2314 549 2386 rulo.
596 2312 775 2390 Quorriaru
802 2324 937 2386 eertum
964 2313 1102 2386 videtur
1128 2313 1164 2386 id
1191 2316 1288 2410 quod
1313 2317 1434 2390 firmis-

262 2429 358 2504 simis
391 2429 605 2525 nrpnrnoutis
639 2428 742 2502 revicit
774 2430 940 2528 llappins.
969 2429 1212 2503 discernendas
1239 2456 1309 2504 esse
1338 2431 1431 2504 insti-

263 2546 414 2619 tutiones
452 2544 714 2620 lnrcebuualium
753 2545 1003 2642 mythologice
1036 2547 1081 2620 ab
1116 2546 1295 2632 historicis,
1331 2549 1432 2644 prisci

262 2674 379 2736 ardun
408 2663 625 2736 ramentorum
655 2661 802 2760 pinnas
828 2688 942 2760 neque.
969 2688 1057 2760 qum
1077 2663 1112 2735 in
1132 2674 1247 2735 monte
1267 2665 1430 2736 Parnasso

262 2779 391 2853 liniunt
426 2778 619 2878 erpnirncro
658 2804 770 2876 noque
804 2804 824 2849 o
858 2804 959 2852 scena
986 2780 1116 2875 tragica
1142 2805 1203 2851 sua
1231 2788 1345 2876 petere
1372 2804 1430 2876 po·

261 2904 417 2977 tironum.
445 2900 601 2990 'asumma
642 2894 852 2993 ‹prilnrsurnn
895 2897 1062 2995 exernplis
1102 2896 1155 2969 usi
1182 2896 1318 2968 luerint.
1350 2895 1429 2966 Fert

260 3013 352 3087 ctum
382 3013 469 3086 nitio
498 3022 535 3085 ut
563 3011 713 3085 urtitinos
740 3011 815 3085 illas
842 3012 1011 3109 inmgines
1030 3011 1161 3085 nonde
1180 3011 1426 3084 suoinvcnisse

259 3141 469 3209 stuhnunum
499 3128 593 3227 ‹prud
623 3138 658 3201 et
684 3128 785 3202 stilus
812 3128 924 3202 docet.
956 3127 1190 3201 Olsermrnnt
1218 3127 1308 3199 enirn
1336 3151 1366 3197 v.
1391 3125 1424 3198 d.

260 3259 439 3347 tautopem
467 3249 595 3343 figuras
624 3245 732 3344 pictas
758 3245 849 3318 inter
876 3271 910 3318 se
939 3270 1127 3340 onrrgrnero
1156 3252 1194 3315 ut
1221 3242 1335 3315 statim
1353 3268 1426 3313 nas·
1465 3326 1467 3334 Α

260 3373 358 3437 rutro·
398 3363 548 3462 suspirio
590 3371 720 3435 statuas
761 3360 927 3459 ‹lrrrnuhnu
968 3361 1020 3432 vel
1062 3360 1197 3433 tabidas
1230 3359 1336 3455 pictas
1363 3382 1425 3454 pro

259 3480 418 3579 onnrrplo
467 3481 570 3554 brisso
614 3479 678 3569 tt'l'.
727 3479 832 3553 thou
879 3475 1015 3549 ll'iuter
1048 3475 1078 3548 L
1111 3477 1228 3572 Progr.
1252 3472 1425 3544 Winelrel-

262 3597 474 3671 rnrmnstbstl
525 3595 717 3673 (bitror-itur
768 3595 874 3690 igitur
914 3616 999 3665 uum
1039 3592 1167 3665 suerint
1206 3592 1241 3664 in
1283 3589 1425 3661 Graecia

260 3715 397 3807 «propin
441 3713 611 3810 oriendum
654 3712 899 3785 stutrruriornru
940 3708 992 3783 rel
1027 3708 1197 3807 pictorum
1240 3732 1353 3804 opera,
1388 3705 1422 3777 in

259 3831 388 3927 uiribus
434 3830 574 3926 iliorusi
620 3831 706 3901 hrota
750 3839 819 3902 turn
854 3833 995 3901 reurrste
1027 3832 1358 3923 repraesentarentur
1386 3831 1424 3893 ut

260 3972 417 4020 tirsunuu
448 3947 595 4043 pir-turns
624 3945 771 4018 fideliter
798 3970 838 4017 en
864 3940 1039 4042 sequenda
1065 3940 1130 4014 sibi
1158 3940 1282 4013 ducere
1305 3950 1424 4036 potne-

261 4064 338 4137 riut.
382 4064 419 4136 ln
458 4063 568 4136 limito
604 4062 809 4135 maidcutuli
839 4058 958 4160 terrrpli
984 4058 1154 4158 Apollinis
1181 4054 1340 4152 Delphici
1368 4082 1423 4125 ex·

258 4182 382 4253 stitisse
417 4194 546 4251 statuas
583 4179 726 4275 llionpsi
760 4192 793 4251 ct
827 4175 1024 4275 'l'hp'iadurn
1056 4200 1142 4274 opus
1175 4171 1424 4245 Androstheuis

258 4299 411 4395 inanitatis
439 4297 589 4373 l'mxiuc.
619 4297 675 4368 cui
703 4294 853 4368 (blannis
879 4293 1041 4391 tnagister
1065 4290 1143 4377 luit,
1171 4289 1271 4362 docet
1300 4288 1423 4358 Pausa·

260 4416 332 4488 uhu
364 4416 390 4485 t
423 4419 465 4487 m
487 4420 503 4504 t
525 4420 557 4487 tt.
589 4418 676 4485 Sunt
708 4412 813 4506 igitur
840 4411 950 4486 raone
976 4408 1089 4485 medio
1114 4407 1184 4482 lere
1211 4404 1345 4476 seculo
1375 4400 1422 4472 V⁰

258 4559 286 4603 a.
319 4537 355 4603 l‘.
390 4559 436 4607 n.
468 4532 511 4603 itu
547 4546 579 4605 ut
612 4529 769 4629 ‹uernplu
797 4555 868 4603 esse
896 4526 1072 4633 potuerint
1096 4521 1307 4600 Hieronibus
1333 4519 1422 4592 aliis·
