3398 5438
852 1498 930 1570 vu.
985 1449 989 1457 ’

354 1839 567 1934 Quicunque
596 1839 746 1909 Bacchas
775 1838 951 1935 Euripidis
978 1838 1136 1935 perlegit,
1165 1864 1234 1910 nou
1263 1848 1375 1936 potest
1405 1865 1472 1910 nen

300 1956 479 2025 ohservare
516 1963 646 2050 qiiunta
681 1954 725 2026 sit
760 1954 990 2050 discrepantia
1025 1955 1115 2026 inter
1142 1954 1303 2025 rnuliercs
1330 1956 1474 2026 chorurn

300 2071 508 2165 efficientes
549 2095 637 2166 (piac
680 2071 854 2142 ¹Baechunr
898 2070 1110 2143 cenritantur
1150 2070 1359 2166 laudemque
1401 2072 1475 2142 eius

300 2186 512 2258 earurinihus
552 2185 734 2268 extollunt,
778 2212 817 2257 ac
859 2187 1004 2258 fenrinas
1039 2213 1058 2257 a
1095 2186 1224 2282 (pribus
1252 2212 1362 2258 novus
1389 2187 1475 2258 (lctis

300 2303 365 2374 suh
393 2302 554 2398 auspiciis
584 2302 728 2373 Penthei
756 2303 899 2398 eiusque
929 2303 1047 2374 inatris
1075 2311 1109 2374 et
1136 2328 1292 2374 serorurn
1321 2303 1357 2374 iu
1378 2328 1474 2373 inun-

299 2418 394 2490 tibus
421 2418 624 2490 celebratur.

353 2534 430 2605 Hae
458 2533 652 2605 vehementi
680 2534 795 2605 serrare
822 2533 984 2606 incitatae
1012 2534 1079 2606 hue
1107 2542 1211 2628 atque
1244 2533 1327 2605 illua
1359 2535 1474 2606 seruu-

299 2657 357 2720 tur
384 2649 505 2745 plenae
533 2649 610 2733 dee,
640 2649 824 2720 hinnulens
847 2648 1029 2733 dilaniant,
1049 2648 1173 2721 catulis
1192 2675 1360 2721 nrarnruas
1379 2675 1473 2746 prac-

301 2765 394 2847 hent‚
423 2789 553 2860 angues
580 2764 740 2835 nranibus
767 2774 931 2837 tractant:
962 2765 1140 2837 deluentes
1168 2774 1249 2836 sunt
1276 2765 1330 2836 vel
1357 2764 1473 2836 viden·
1572 2812 1576 2823 ·

299 2890 366 2952 tur.
403 2880 487 2952 lllae
522 2906 640 2975 graves
674 2880 709 2951 in
752 2906 889 2952 scenani
931 2881 1124 2976 procedunt
1152 2889 1186 2952 et
1215 2881 1368 2952 earrnina
1396 2881 1473 2952 fuu-

299 2995 400 3079 duut,
433 2997 651 3068 sacerdotum
679 2996 749 3067 fere
777 2997 924 3092 speciern
953 2997 1164 3069 exhibentes¹
1213 2998 1347 3093 Nenrpe
1372 3006 1473 3093 pecta

299 3111 471 3183 lasciviam
499 3138 587 3208 quae
617 3112 848 3184 Maenadihus
863 3113 1001 3208 propria
1015 3122 1066 3184 est
1094 3113 1175 3185 data
1202 3138 1306 3208 opera
1321 3112 1472 3184 seiunxit

298 3253 318 3297 a
344 3228 511 3321 grauitate
547 3253 636 3323 (lusae
668 3226 767 3298 decet
802 3227 990 3323 Thyiades3
1021 3227 1218 3300 videbimus
1245 3237 1361 3300 autern
1390 3253 1471 3299 euni

298 3342 481 3415 discrimen
511 3343 597 3415 illud
626 3343 663 3414 in
691 3343 803 3414 mains
830 3343 976 3415 auxisse.

351 3459 449 3534 Quid
477 3460 585 3553 igitur
613 3460 702 3530 inter
731 3458 919 3530 Maenades
947 3467 981 3531 et
1008 3459 1180 3555 Thyiades
1207 3461 1372 3531 interest?

352 3574 506 3647 Verbinn
546 3581 720 3661 μκίνεσθκι,
757 3574 849 3645 raude
886 3574 1062 3646 derivatur
1097 3601 1162 3647 vox
1215 3584 1338 3660 μκιναὶς,
1378 3583 1470 3646 arcte

298 3690 456 3763 cohaeret
470 3718 550 3764 curn
569 3692 681 3763 verbis
700 3700 839 3776 parada.
857 3700 999 3777 μκίεμοιι,
1020 3691 1471 3788 paratvda3pr·inra1·iaigitur

297 3806 329 3877 ci
363 3806 451 3878 inest
481 3808 688 3902 significatio
716 3834 785 3879 cnm
812 3810 937 3902 impetu
956 3809 1101 3903 petendi
1127 3808 1182 3897 (cf.
1209 3817 1295 3893 μένος
1318 3811 1469 3902 irrpretna,

297 3929 429 4009 ζκμενής
459 3924 590 4019 Hyinn,
628 3924 735 3995 More.
775 3926 862 4006 307,
896 3930 1065 4010 ζαμενῆσκι
1092 3923 1176 3995 Hes
1205 3925 1335 4018 Theog.
1368 3926 1469 4011 928),

297 4040 502 4112 cedernenter
531 4041 686 4112 tendendi
711 4040 759 4110 (ul
782 4041 926 4136 aliquid,
956 4065 1026 4135 ilua
1053 4065 1154 4110 sensu
1184 4040 1357 4111 invenitur
1375 4040 1469 4135 apud

297 4155 422 4228 Horu:
449 4171 504 4244 πῦρ
529 4166 670 4242 aaziae
693 4163 798 4242 οὔρεσιν
832 4155 855 4225 i.
886 4181 915 4226 e.
946 4161 1071 4251 fertur
1105 4157 1193 4253 c'pnia
1227 4158 1362 4228 arborea
1397 4181 1469 4227 con·

295 4279 487 4365 srrrrprhrrua
514 4276 629 4345 carina
655 4275 690 4343 ia
717 4273 828 4343 saltata
846 4281 979 4366 partes.

350 4386 416 4458 Sed
445 4397 478 4460 et
506 4386 692 4459 secundani
721 4386 1009 4480 significationem
1036 4386 1130 4482 apud
1155 4393 1204 4457 τὸν
1229 4396 1351 4468 ποιητήν
1376 4411 1469 4481 repc-

296 4501 415 4586 rirnus
444 4504 515 4575 scil.
546 4503 641 4574 illarn
660 4504 819 4595 serendi,
851 4527 880 4573 e.
897 4528 930 4597 g.
962 4511 1048 4591 φρεσὶ
1073 4510 1214 4587 aarum
1238 4511 1288 4573 οὐκ
1312 4506 1463 4588 cyrrham.
