3704 5484
973 571 1017 637 15

407 787 542 876 praeter
583 778 807 874 tmgeediam.
852 782 1074 876 Quapropter
1111 806 1176 851 mm
1212 780 1385 852 dubitavit
1414 780 1586 852 indefesse

408 896 522 966 labere
565 921 671 966 ames
713 895 848 990 mythos
889 896 1054 989 indagare
1096 896 1148 966 vel
1192 897 1290 967 trites
1317 896 1584 992 deeamatesqae

406 1012 590 1083 immutare
632 1012 756 1083 stadiis
783 1013 853 1083 sais
882 1012 1127 1109 philosophicis
1155 1022 1190 1083 et
1218 1013 1359 1109 paetieis
1387 1013 1582 1084 obsecutae.

408 1128 486 1198 Nea
530 1153 664 1224 semper
705 1137 824 1199 aetem
865 1129 1015 1223 benigne
1057 1129 1217 1224 aequales
1255 1138 1288 1199 et
1318 1129 1443 1225 posteri
1472 1128 1515 1198 de
1543 1155 1584 1199 ea

407 1243 664 1328 iadimvm·aat;
709 1270 821 1340 aeqae
864 1244 898 1316 id
941 1246 1125 1316 immerite.
1171 1245 1324 1316 Maxime
1367 1245 1437 1315 fere
1470 1244 1582 1314 dimm

407 1360 524 1432 flmmit
553 1360 713 1431 vicesima
743 1369 818 1456 pest
847 1371 994 1432 mertem
1022 1362 1171 1445 saeeale,
1201 1387 1279 1432 cam
1310 1360 1462 1432 Cmmelii
1485 1360 1584 1431 Raci-

407 1476 525 1571 mique
564 1477 706 1569 vestigia
741 1477 815 1547 ema
851 1477 1105 1571 se‹piebaatm;
1157 1484 1272 1548 aestro
1311 1484 1465 1572 tempere
1508 1485 1584 1571 pest

407 1593 534 1663 maltos
575 1618 709 1665 severas
750 1593 883 1664 imliees
911 1604 1096 1688 patiemim
1125 1602 1247 1665 aaetas
1274 1603 1324 1664 est
1354 1591 1584 1662 Wilamewit-

405 1708 495 1779 aiam
538 1734 692 1802 sagacem
736 1717 770 1780 et
798 1710 1030 1805 ehapmatem.
1079 1710 1233 1780 (leuatus
1260 1735 1338 1780 sam
1366 1717 1400 1780 et
1428 1733 1492 1802 ego
1522 1733 1583 1804 pre

406 1824 536 1896 viribus
570 1825 655 1897 meis
691 1851 863 1920 exponere
891 1825 977 1922 qaid
1007 1826 1092 1897 mihi
1121 1827 1154 1896 m
1190 1824 1354 1922 Euripide
1383 1824 1580 1919 displiceam

405 1951 484 2011 mmt
516 1942 622 2012 malta
652 1941 818 2013 eemitem·
838 1968 899 2012 aee
919 1942 1018 2025 levia,
1040 1942 1084 2013 ab
1104 1968 1193 2038 qaae
1212 1940 1408 2037 ‹mlpamlas
1428 1939 1581 2021 videtur,

404 2066 555 2128 attamen
598 2067 696 2151 gmte
737 2058 854 2129 anime
897 2059 1061 2155 temperis
1097 2058 1355 2152 1·eem·dm·‹pm
1384 2056 1582 2126 interiorem

404 2173 581 2268 (plaudam
610 2200 688 2244 eam
719 2174 793 2244 eias
821 2174 1007 2268 tragoediis
1035 2174 1301 2246 familiaritatmn
1332 2172 1483 2268 priamm
1504 2196 1583 2241 mm·

404 2290 504 2360 traxi.
535 2291 625 2361 Nam
654 2300 688 2361 et
719 2291 873 2361 miaatm·
901 2290 1042 2385 gaudet,
1072 2292 1133 2387 qai
1163 2292 1197 2362 ia
1226 2287 1453 2361 multitmlme
1479 2296 1582 2357 estre·

403 2431 502 2476 amm
545 2432 631 2502 qaas
673 2407 798 2478 iterum
841 2416 944 2502 atque
986 2408 1111 2478 iterum
1156 2433 1248 2478 mare
1291 2406 1325 2475 ia
1365 2402 1576 2499 profundam

402 2522 578 2593 demersus
612 2549 631 2592 a
667 2523 812 2618 mpibas
839 2523 974 2606 avulsit,
1006 2550 1110 2595 mmm
1140 2522 1245 2593 mode
1275 2520 1495 2615 margaritam
1522 2519 1574 2589 in·

404 2639 509 2708 vemt.
