3398 5438
321 1538 499 1610 Nonnulla
535 1539 578 1610 dc
616 1538 793 1634 Euripidis
832 1538 1058 1634 „impietate”
1088 1564 1190 1635 supra
1220 1538 1254 1609 in
1285 1538 1438 1610 medium

265 1655 413 1750 protuli;
450 1680 571 1726 censeo
599 1665 713 1726 autem
744 1662 778 1725 et
805 1678 881 1748 ege,
912 1654 1007 1751 qnod
1035 1654 1129 1750 apud
1158 1680 1277 1727 omnes
1304 1655 1440 1726 criticos

264 1771 334 1841 sive
375 1771 559 1842 severiores
599 1771 669 1841 sive
710 1770 856 1841 leniores
899 1771 1004 1841 nostri
1045 1781 1080 1841 et
1113 1770 1248 1866 antiqui
1276 1771 1440 1868 temporis

265 1897 409 1970 constat,
451 1887 620 1982 tragicum
663 1886 746 1957 deos
787 1885 1010 1981 olympicolas
1051 1887 1303 1983 contempsisse.
1352 1889 1439 1959 Ecce

264 2013 379 2075 autem
409 2003 528 2074 sabula.
556 2003 782 2085 Baccharum,
812 2028 900 2098 opus
930 2027 1057 2097 magna
1085 2028 1146 2099 pro
1175 2012 1271 2099 parte
1291 2003 1436 2097 dignum

264 2118 360 2214 quod
388 2119 538 2189 Gocthio
566 2118 600 2189 in
630 2117 763 2189 deliciis
789 2116 906 2201 suerit,
935 2127 1052 2215 aperte
1080 2118 1231 2190 virorum
1256 2118 1437 2190 doctorum

263 2234 452 2306 sententiae
480 2233 681 2328 refragatur.
712 2232 853 2316 inducit
880 2234 974 2304 eninr
1002 2233 1107 2305 deum
1123 2233 1307 2330 Euripides
1321 2234 1383 2329 qni
1402 2235 1435 2305 in

263 2359 402 2421 taurum
438 2376 473 2421 sc
507 2359 631 2433 mutet,
667 2349 769 2421 aedes
810 2349 984 2433 incendat,
1031 2351 1194 2421 mulieres
1235 2348 1438 2421 bacchantes

263 2491 326 2537 ceu
355 2467 469 2537 hostes
495 2465 654 2559 agricolis
680 2465 846 2536 immittat
873 2465 990 2536 omnia
1017 2466 1234 2562 populantes
1262 2464 1437 2537 ‹levastan-

263 2591 324 2665 tes,
361 2583 541 2678 rapientes.
599 2581 770 2653 Videmus
802 2580 985 2652 infandum
1014 2582 1262 2676 spectaculum,
1292 2589 1437 2652 matrem

262 2695 434 2768 abscisum
475 2697 538 2768 filii
572 2705 676 2794 caput
713 2696 873 2767 manibus
901 2704 1105 2790 gestantem,
1134 2697 1168 2767 in
1199 2722 1300 2768 scena
1327 2696 1436 2792 tripu-

263 2812 427 2884 diantem.
487 2813 613 2884 Horret
640 2812 827 2895 theatrum,
857 2813 998 2883 horrent
1025 2813 1178 2884 lectores

317 2929 484 3025 Expectas
512 2953 627 2999 versus
655 2937 832 3000 secuturos
860 2928 989 3022 quibus
1016 2938 1128 3025 pocta,
1160 2937 1198 3001 ut
1220 2928 1315 3011 alibi,
1331 2928 1434 2999 talem

262 3045 397 3115 cultum
425 3044 631 3140 quantocius
657 3044 892 3115 obiiciendum
913 3069 984 3115 esse
1004 3044 1164 3116 declaret.
1203 3052 1306 3125 Οὐδεὶς
1330 3051 1433 3128 λόγος,

262 3161 369 3231 innuo
404 3161 476 3231 dno
510 3185 607 3231 senes
640 3160 668 3230 si
701 3161 762 3255 qui
804 3160 863 3231 alii
904 3160 1114 3231 venerabiles
1157 3160 1191 3231 iu
1224 3184 1324 3230 scena
1352 3184 1431 3229 cum

261 3276 366 3347 choro
401 3285 533 3346 certant
555 3276 628 3371 ⁴qni
666 3277 794 3346 maiore
828 3274 938 3370 gloria
967 3276 1142 3347 Baocluun
1170 3275 1333 3360 alliciant,
1363 3274 1434 3345 cul·

261 3401 337 3462 tum
379 3400 581 3488 propagent,
624 3416 752 3463 nomen
788 3391 863 3462 eius
903 3415 984 3461 cum
1012 3392 1115 3462 sacris
1142 3391 1210 3462 illis
1237 3390 1371 3460 Cereris
1399 3399 1433 3461 et

262 3508 485 3603 Proserpinae
526 3507 750 3602 eorriungant.
802 3506 983 3603 Euripides
1011 3507 1094 3603 ipsc,
1134 3507 1195 3603 qui
1223 3505 1306 3577 deos
1333 3505 1433 3576 inhu·

261 3648 381 3694 manos
414 3623 536 3706 odisse,
574 3623 657 3694 deos
685 3623 718 3693 in
749 3623 857 3694 varias
885 3624 1011 3693 formas
1038 3631 1189 3694 mutatos
1219 3621 1329 3693 ridere
1356 3621 1433 3692 soli-

260 3749 317 3811 tus
358 3738 480 3822 fuerat,
517 3765 630 3833 genna
667 3749 706 3810 nt
733 3738 875 3835 (pridem
905 3737 1042 3809 videtur
1070 3739 1177 3810 flectit
1205 3747 1240 3809 et
1266 3736 1433 3808 sacrificat

260 3855 304 3926 ad
338 3881 433 3926 aram
467 3854 619 3926 lnmmno
654 3855 822 3949 sanguine
856 3879 1084 3950 conspersam.
1142 3853 1278 3925 Animis
1313 3860 1434 3949 stupor

260 3971 465 4055 offunditur,
495 3972 644 4065 caligant
674 3972 885 4067 interpretes.
920 3969 1108 4041 Videamus
1129 3971 1237 4064 igitur
1255 3967 1432 4065 quomodo

260 4114 289 4159 v.
322 4087 355 4158 d.
386 4088 451 4158 hoc
479 4089 638 4182 aenigma
665 4088 795 4158 solvere
824 4086 938 4156 conti
967 4086 1045 4156 sint.

313 4204 370 4274 Ad
402 4204 523 4275 incitas
557 4205 684 4276 redacti
714 4227 852 4273 omnem
882 4200 1032 4297 lapidem
1061 4210 1254 4284 uraverunt,
1285 4200 1332 4271 nil
1361 4225 1430 4271 non

258 4328 437 4391 tentarunt
478 4328 563 4391 ute
606 4320 808 4391 difficultate
844 4343 878 4387 sc
914 4317 1126 4413 expedirent.
1186 4318 1342 4388 Fuerunt
1370 4316 1432 4411 qui

259 4444 432 4530 putarent,
463 4444 598 4530 poetam
628 4435 860 4530 grandaeuun
891 4457 970 4502 cum
999 4433 1223 4528 opinionibus
1250 4432 1431 4503 denatura

259 4550 415 4634 deorum,
460 4576 545 4646 quas
585 4559 693 4622 totam
722 4575 782 4647 per
810 4549 916 4619 vitam
945 4548 1190 4645 impugnasset,
1219 4549 1256 4619 in
1284 4546 1430 4640 gratiam
